;; -*- mode: org; mode: beancount; -*-
;; Birth: 1980-05-12
;; Dates: 2024-01-01 - 2026-03-21
;; THIS FILE HAS BEEN AUTO-GENERATED.
* Options

option "title" "Example Beancount file"
option "operating_currency" "USD"

2024-01-01 custom "ledgr-locale" "pt-BR"

2024-01-01 custom "ledgr-option" "investment_account_prefixes" "Assets:Investments"


* Commodities


1792-01-01 commodity USD
  name: "US Dollar"
  export: "CASH"

1900-01-01 commodity VMMXX
  export: "MUTF:VMMXX (MONEY:USD)"

1980-05-12 commodity VACHR
  name: "Employer Vacation Hours"
  export: "IGNORE"

1980-05-12 commodity IRAUSD
  name: "US 401k and IRA Contributions"
  export: "IGNORE"

1995-09-18 commodity VBMPX
  name: "Vanguard Total Bond Market Index Fund Institutional Plus Shares"
  export: "MUTF:VBMPX"
  price: "USD:google/MUTF:VBMPX"

2004-01-20 commodity ITOT
  name: "iShares Core S&P Total U.S. Stock Market ETF"
  export: "NYSEARCA:ITOT"
  price: "USD:google/NYSEARCA:ITOT"

2004-01-26 commodity VHT
  name: "Vanguard Health Care ETF"
  export: "NYSEARCA:VHT"
  price: "USD:google/NYSEARCA:VHT"

2004-11-01 commodity GLD
  name: "SPDR Gold Trust (ETF)"
  export: "NYSEARCA:GLD"
  price: "USD:google/NYSEARCA:GLD"

2007-07-20 commodity VEA
  name: "Vanguard FTSE Developed Markets ETF"
  export: "NYSEARCA:VEA"
  price: "USD:google/NYSEARCA:VEA"

2009-05-01 commodity RGAGX
  name: "American Funds The Growth Fund of America Class R-6"
  export: "MUTF:RGAGX"
  price: "USD:google/MUTF:RGAGX"



* Equity Accounts

1980-05-12 open Equity:Opening-Balances
1980-05-12 open Liabilities:AccountsPayable



* Banking

2024-01-01 open Assets:US:BofA
  institution: "Bank of America"
  address: "123 America Street, LargeTown, USA"
  phone: "+1.012.345.6789"
2024-01-01 open Assets:US:BofA:Checking                        USD
  account: "00234-48574897"

2024-01-01 * "Opening Balance for checking account"
  Assets:US:BofA:Checking                         3783.83 USD
  Equity:Opening-Balances                        -3783.83 USD

2024-01-02 balance Assets:US:BofA:Checking        3783.83 USD

2024-01-03 * "RiverBank Properties" "Paying the rent"
  Assets:US:BofA:Checking                        -2400.00 USD
  Expenses:Home:Rent                              2400.00 USD

2024-01-04 * "BANK FEES" "Monthly bank fee"
  Assets:US:BofA:Checking                           -4.00 USD
  Expenses:Financial:Fees                            4.00 USD

2024-01-08 * "EDISON POWER" ""
  Assets:US:BofA:Checking                          -65.00 USD
  Expenses:Home:Electricity                         65.00 USD

2024-01-20 * "Verizon Wireless" ""
  Assets:US:BofA:Checking                          -63.13 USD
  Expenses:Home:Phone                               63.13 USD

2024-01-21 * "Wine-Tarner Cable" ""
  Assets:US:BofA:Checking                          -80.01 USD
  Expenses:Home:Internet                            80.01 USD

2024-01-31 balance Assets:US:BofA:Checking        3799.03 USD

2024-02-04 * "BANK FEES" "Monthly bank fee"
  Assets:US:BofA:Checking                           -4.00 USD
  Expenses:Financial:Fees                            4.00 USD

2024-02-04 * "RiverBank Properties" "Paying the rent"
  Assets:US:BofA:Checking                        -2400.00 USD
  Expenses:Home:Rent                              2400.00 USD

2024-02-09 * "EDISON POWER" ""
  Assets:US:BofA:Checking                          -65.00 USD
  Expenses:Home:Electricity                         65.00 USD

2024-02-19 * "Verizon Wireless" ""
  Assets:US:BofA:Checking                          -56.71 USD
  Expenses:Home:Phone                               56.71 USD

2024-02-20 balance Assets:US:BofA:Checking        3489.80 USD

2024-02-21 * "Wine-Tarner Cable" ""
  Assets:US:BofA:Checking                          -79.95 USD
  Expenses:Home:Internet                            79.95 USD

2024-03-03 * "RiverBank Properties" "Paying the rent"
  Assets:US:BofA:Checking                        -2400.00 USD
  Expenses:Home:Rent                              2400.00 USD

2024-03-04 * "BANK FEES" "Monthly bank fee"
  Assets:US:BofA:Checking                           -4.00 USD
  Expenses:Financial:Fees                            4.00 USD

2024-03-09 * "EDISON POWER" ""
  Assets:US:BofA:Checking                          -65.00 USD
  Expenses:Home:Electricity                         65.00 USD

2024-03-11 balance Assets:US:BofA:Checking        1642.08 USD

2024-03-19 * "Verizon Wireless" ""
  Assets:US:BofA:Checking                          -49.60 USD
  Expenses:Home:Phone                               49.60 USD

2024-03-21 * "Wine-Tarner Cable" ""
  Assets:US:BofA:Checking                          -79.93 USD
  Expenses:Home:Internet                            79.93 USD

2024-04-03 * "RiverBank Properties" "Paying the rent"
  Assets:US:BofA:Checking                        -2400.00 USD
  Expenses:Home:Rent                              2400.00 USD

2024-04-04 * "BANK FEES" "Monthly bank fee"
  Assets:US:BofA:Checking                           -4.00 USD
  Expenses:Financial:Fees                            4.00 USD

2024-04-08 * "EDISON POWER" ""
  Assets:US:BofA:Checking                          -65.00 USD
  Expenses:Home:Electricity                         65.00 USD

2024-04-10 balance Assets:US:BofA:Checking        1013.35 USD

2024-04-20 * "Verizon Wireless" ""
  Assets:US:BofA:Checking                          -58.75 USD
  Expenses:Home:Phone                               58.75 USD

2024-04-23 * "Wine-Tarner Cable" ""
  Assets:US:BofA:Checking                          -79.80 USD
  Expenses:Home:Internet                            79.80 USD

2024-05-03 * "RiverBank Properties" "Paying the rent"
  Assets:US:BofA:Checking                        -2400.00 USD
  Expenses:Home:Rent                              2400.00 USD

2024-05-04 * "BANK FEES" "Monthly bank fee"
  Assets:US:BofA:Checking                           -4.00 USD
  Expenses:Financial:Fees                            4.00 USD

2024-05-06 balance Assets:US:BofA:Checking        1172.00 USD

2024-05-09 * "EDISON POWER" ""
  Assets:US:BofA:Checking                          -65.00 USD
  Expenses:Home:Electricity                         65.00 USD

2024-05-18 * "Verizon Wireless" ""
  Assets:US:BofA:Checking                          -54.99 USD
  Expenses:Home:Phone                               54.99 USD

2024-05-23 * "Wine-Tarner Cable" ""
  Assets:US:BofA:Checking                          -79.89 USD
  Expenses:Home:Internet                            79.89 USD

2024-05-30 balance Assets:US:BofA:Checking        3000.85 USD

2024-06-04 * "BANK FEES" "Monthly bank fee"
  Assets:US:BofA:Checking                           -4.00 USD
  Expenses:Financial:Fees                            4.00 USD

2024-06-06 * "RiverBank Properties" "Paying the rent"
  Assets:US:BofA:Checking                        -2400.00 USD
  Expenses:Home:Rent                              2400.00 USD

2024-06-09 * "EDISON POWER" ""
  Assets:US:BofA:Checking                          -65.00 USD
  Expenses:Home:Electricity                         65.00 USD

2024-06-19 * "Verizon Wireless" ""
  Assets:US:BofA:Checking                          -50.76 USD
  Expenses:Home:Phone                               50.76 USD

2024-06-21 balance Assets:US:BofA:Checking        2479.74 USD

2024-06-21 * "Wine-Tarner Cable" ""
  Assets:US:BofA:Checking                          -79.74 USD
  Expenses:Home:Internet                            79.74 USD

2024-07-03 * "RiverBank Properties" "Paying the rent"
  Assets:US:BofA:Checking                        -2400.00 USD
  Expenses:Home:Rent                              2400.00 USD

2024-07-04 * "BANK FEES" "Monthly bank fee"
  Assets:US:BofA:Checking                           -4.00 USD
  Expenses:Financial:Fees                            4.00 USD

2024-07-09 * "EDISON POWER" ""
  Assets:US:BofA:Checking                          -65.00 USD
  Expenses:Home:Electricity                         65.00 USD

2024-07-16 balance Assets:US:BofA:Checking         594.52 USD

2024-07-18 * "Verizon Wireless" ""
  Assets:US:BofA:Checking                          -68.66 USD
  Expenses:Home:Phone                               68.66 USD

2024-07-22 * "Wine-Tarner Cable" ""
  Assets:US:BofA:Checking                          -79.88 USD
  Expenses:Home:Internet                            79.88 USD

2024-08-04 * "BANK FEES" "Monthly bank fee"
  Assets:US:BofA:Checking                           -4.00 USD
  Expenses:Financial:Fees                            4.00 USD

2024-08-06 * "RiverBank Properties" "Paying the rent"
  Assets:US:BofA:Checking                        -2400.00 USD
  Expenses:Home:Rent                              2400.00 USD

2024-08-09 * "EDISON POWER" ""
  Assets:US:BofA:Checking                          -65.00 USD
  Expenses:Home:Electricity                         65.00 USD

2024-08-11 balance Assets:US:BofA:Checking         598.26 USD

2024-08-18 * "Verizon Wireless" ""
  Assets:US:BofA:Checking                          -64.43 USD
  Expenses:Home:Phone                               64.43 USD

2024-08-23 * "Wine-Tarner Cable" ""
  Assets:US:BofA:Checking                          -80.04 USD
  Expenses:Home:Internet                            80.04 USD

2024-09-04 * "BANK FEES" "Monthly bank fee"
  Assets:US:BofA:Checking                           -4.00 USD
  Expenses:Financial:Fees                            4.00 USD

2024-09-05 * "RiverBank Properties" "Paying the rent"
  Assets:US:BofA:Checking                        -2400.00 USD
  Expenses:Home:Rent                              2400.00 USD

2024-09-08 * "EDISON POWER" ""
  Assets:US:BofA:Checking                          -65.00 USD
  Expenses:Home:Electricity                         65.00 USD

2024-09-09 balance Assets:US:BofA:Checking        2402.99 USD

2024-09-13 * "Transfering accumulated savings to other account"
  Assets:US:BofA:Checking                           -4500 USD
  Assets:US:ETrade:Cash                              4500 USD

2024-09-20 * "Verizon Wireless" ""
  Assets:US:BofA:Checking                          -71.10 USD
  Expenses:Home:Phone                               71.10 USD

2024-09-22 * "Wine-Tarner Cable" ""
  Assets:US:BofA:Checking                          -80.04 USD
  Expenses:Home:Internet                            80.04 USD

2024-09-29 balance Assets:US:BofA:Checking        2853.05 USD

2024-10-04 * "BANK FEES" "Monthly bank fee"
  Assets:US:BofA:Checking                           -4.00 USD
  Expenses:Financial:Fees                            4.00 USD

2024-10-05 * "RiverBank Properties" "Paying the rent"
  Assets:US:BofA:Checking                        -2400.00 USD
  Expenses:Home:Rent                              2400.00 USD

2024-10-08 * "EDISON POWER" ""
  Assets:US:BofA:Checking                          -65.00 USD
  Expenses:Home:Electricity                         65.00 USD

2024-10-20 * "Verizon Wireless" ""
  Assets:US:BofA:Checking                          -54.61 USD
  Expenses:Home:Phone                               54.61 USD

2024-10-22 * "Wine-Tarner Cable" ""
  Assets:US:BofA:Checking                          -79.82 USD
  Expenses:Home:Internet                            79.82 USD

2024-10-27 balance Assets:US:BofA:Checking        4849.71 USD

2024-11-03 * "RiverBank Properties" "Paying the rent"
  Assets:US:BofA:Checking                        -2400.00 USD
  Expenses:Home:Rent                              2400.00 USD

2024-11-04 * "BANK FEES" "Monthly bank fee"
  Assets:US:BofA:Checking                           -4.00 USD
  Expenses:Financial:Fees                            4.00 USD

2024-11-08 * "EDISON POWER" ""
  Assets:US:BofA:Checking                          -65.00 USD
  Expenses:Home:Electricity                         65.00 USD

2024-11-08 * "Transfering accumulated savings to other account"
  Assets:US:BofA:Checking                           -3500 USD
  Assets:US:ETrade:Cash                              3500 USD

2024-11-18 * "Verizon Wireless" ""
  Assets:US:BofA:Checking                          -66.08 USD
  Expenses:Home:Phone                               66.08 USD

2024-11-23 balance Assets:US:BofA:Checking        3300.46 USD

2024-11-23 * "Wine-Tarner Cable" ""
  Assets:US:BofA:Checking                          -80.15 USD
  Expenses:Home:Internet                            80.15 USD

2024-12-04 * "BANK FEES" "Monthly bank fee"
  Assets:US:BofA:Checking                           -4.00 USD
  Expenses:Financial:Fees                            4.00 USD

2024-12-06 * "RiverBank Properties" "Paying the rent"
  Assets:US:BofA:Checking                        -2400.00 USD
  Expenses:Home:Rent                              2400.00 USD

2024-12-08 * "EDISON POWER" ""
  Assets:US:BofA:Checking                          -65.00 USD
  Expenses:Home:Electricity                         65.00 USD

2024-12-19 * "Verizon Wireless" ""
  Assets:US:BofA:Checking                          -67.27 USD
  Expenses:Home:Phone                               67.27 USD

2024-12-20 balance Assets:US:BofA:Checking        5435.67 USD

2024-12-21 * "Wine-Tarner Cable" ""
  Assets:US:BofA:Checking                          -79.87 USD
  Expenses:Home:Internet                            79.87 USD

2025-01-04 * "BANK FEES" "Monthly bank fee"
  Assets:US:BofA:Checking                           -4.00 USD
  Expenses:Financial:Fees                            4.00 USD

2025-01-05 * "RiverBank Properties" "Paying the rent"
  Assets:US:BofA:Checking                        -2400.00 USD
  Expenses:Home:Rent                              2400.00 USD

2025-01-08 * "EDISON POWER" ""
  Assets:US:BofA:Checking                          -65.00 USD
  Expenses:Home:Electricity                         65.00 USD

2025-01-15 balance Assets:US:BofA:Checking        3399.72 USD

2025-01-20 * "Verizon Wireless" ""
  Assets:US:BofA:Checking                          -67.91 USD
  Expenses:Home:Phone                               67.91 USD

2025-01-23 * "Wine-Tarner Cable" ""
  Assets:US:BofA:Checking                          -80.10 USD
  Expenses:Home:Internet                            80.10 USD

2025-02-03 * "RiverBank Properties" "Paying the rent"
  Assets:US:BofA:Checking                        -2400.00 USD
  Expenses:Home:Rent                              2400.00 USD

2025-02-04 * "BANK FEES" "Monthly bank fee"
  Assets:US:BofA:Checking                           -4.00 USD
  Expenses:Financial:Fees                            4.00 USD

2025-02-08 * "EDISON POWER" ""
  Assets:US:BofA:Checking                          -65.00 USD
  Expenses:Home:Electricity                         65.00 USD

2025-02-10 balance Assets:US:BofA:Checking        3483.91 USD

2025-02-19 * "Verizon Wireless" ""
  Assets:US:BofA:Checking                          -45.63 USD
  Expenses:Home:Phone                               45.63 USD

2025-02-23 * "Wine-Tarner Cable" ""
  Assets:US:BofA:Checking                          -79.89 USD
  Expenses:Home:Internet                            79.89 USD

2025-03-03 balance Assets:US:BofA:Checking        5490.74 USD

2025-03-03 * "RiverBank Properties" "Paying the rent"
  Assets:US:BofA:Checking                        -2400.00 USD
  Expenses:Home:Rent                              2400.00 USD

2025-03-04 * "BANK FEES" "Monthly bank fee"
  Assets:US:BofA:Checking                           -4.00 USD
  Expenses:Financial:Fees                            4.00 USD

2025-03-08 * "EDISON POWER" ""
  Assets:US:BofA:Checking                          -65.00 USD
  Expenses:Home:Electricity                         65.00 USD

2025-03-18 * "Verizon Wireless" ""
  Assets:US:BofA:Checking                          -46.02 USD
  Expenses:Home:Phone                               46.02 USD

2025-03-23 * "Wine-Tarner Cable" ""
  Assets:US:BofA:Checking                          -80.02 USD
  Expenses:Home:Internet                            80.02 USD

2025-03-31 balance Assets:US:BofA:Checking        4266.89 USD

2025-04-04 * "BANK FEES" "Monthly bank fee"
  Assets:US:BofA:Checking                           -4.00 USD
  Expenses:Financial:Fees                            4.00 USD

2025-04-05 * "RiverBank Properties" "Paying the rent"
  Assets:US:BofA:Checking                        -2400.00 USD
  Expenses:Home:Rent                              2400.00 USD

2025-04-08 * "EDISON POWER" ""
  Assets:US:BofA:Checking                          -65.00 USD
  Expenses:Home:Electricity                         65.00 USD

2025-04-19 * "Verizon Wireless" ""
  Assets:US:BofA:Checking                          -38.28 USD
  Expenses:Home:Phone                               38.28 USD

2025-04-22 * "Wine-Tarner Cable" ""
  Assets:US:BofA:Checking                          -79.82 USD
  Expenses:Home:Internet                            79.82 USD

2025-04-23 balance Assets:US:BofA:Checking        2409.69 USD

2025-05-04 * "BANK FEES" "Monthly bank fee"
  Assets:US:BofA:Checking                           -4.00 USD
  Expenses:Financial:Fees                            4.00 USD

2025-05-05 * "RiverBank Properties" "Paying the rent"
  Assets:US:BofA:Checking                        -2400.00 USD
  Expenses:Home:Rent                              2400.00 USD

2025-05-09 * "EDISON POWER" ""
  Assets:US:BofA:Checking                          -65.00 USD
  Expenses:Home:Electricity                         65.00 USD

2025-05-13 balance Assets:US:BofA:Checking        1895.61 USD

2025-05-19 * "Verizon Wireless" ""
  Assets:US:BofA:Checking                          -54.79 USD
  Expenses:Home:Phone                               54.79 USD

2025-05-21 * "Wine-Tarner Cable" ""
  Assets:US:BofA:Checking                          -79.95 USD
  Expenses:Home:Internet                            79.95 USD

2025-06-03 * "RiverBank Properties" "Paying the rent"
  Assets:US:BofA:Checking                        -2400.00 USD
  Expenses:Home:Rent                              2400.00 USD

2025-06-04 * "BANK FEES" "Monthly bank fee"
  Assets:US:BofA:Checking                           -4.00 USD
  Expenses:Financial:Fees                            4.00 USD

2025-06-08 balance Assets:US:BofA:Checking        1491.70 USD

2025-06-08 * "EDISON POWER" ""
  Assets:US:BofA:Checking                          -65.00 USD
  Expenses:Home:Electricity                         65.00 USD

2025-06-20 * "Verizon Wireless" ""
  Assets:US:BofA:Checking                          -70.80 USD
  Expenses:Home:Phone                               70.80 USD

2025-06-23 * "Wine-Tarner Cable" ""
  Assets:US:BofA:Checking                          -79.95 USD
  Expenses:Home:Internet                            79.95 USD

2025-07-04 * "BANK FEES" "Monthly bank fee"
  Assets:US:BofA:Checking                           -4.00 USD
  Expenses:Financial:Fees                            4.00 USD

2025-07-04 * "RiverBank Properties" "Paying the rent"
  Assets:US:BofA:Checking                        -2400.00 USD
  Expenses:Home:Rent                              2400.00 USD

2025-07-05 balance Assets:US:BofA:Checking        1573.15 USD

2025-07-08 * "EDISON POWER" ""
  Assets:US:BofA:Checking                          -65.00 USD
  Expenses:Home:Electricity                         65.00 USD

2025-07-18 * "Verizon Wireless" ""
  Assets:US:BofA:Checking                          -62.53 USD
  Expenses:Home:Phone                               62.53 USD

2025-07-21 * "Wine-Tarner Cable" ""
  Assets:US:BofA:Checking                          -80.01 USD
  Expenses:Home:Internet                            80.01 USD

2025-07-26 balance Assets:US:BofA:Checking        2002.85 USD

2025-08-04 * "BANK FEES" "Monthly bank fee"
  Assets:US:BofA:Checking                           -4.00 USD
  Expenses:Financial:Fees                            4.00 USD

2025-08-04 * "RiverBank Properties" "Paying the rent"
  Assets:US:BofA:Checking                        -2400.00 USD
  Expenses:Home:Rent                              2400.00 USD

2025-08-08 * "EDISON POWER" ""
  Assets:US:BofA:Checking                          -65.00 USD
  Expenses:Home:Electricity                         65.00 USD

2025-08-19 * "Verizon Wireless" ""
  Assets:US:BofA:Checking                          -57.72 USD
  Expenses:Home:Phone                               57.72 USD

2025-08-23 * "Wine-Tarner Cable" ""
  Assets:US:BofA:Checking                          -79.93 USD
  Expenses:Home:Internet                            79.93 USD

2025-08-24 balance Assets:US:BofA:Checking        3368.35 USD

2025-09-03 * "RiverBank Properties" "Paying the rent"
  Assets:US:BofA:Checking                        -2400.00 USD
  Expenses:Home:Rent                              2400.00 USD

2025-09-04 * "BANK FEES" "Monthly bank fee"
  Assets:US:BofA:Checking                           -4.00 USD
  Expenses:Financial:Fees                            4.00 USD

2025-09-08 * "EDISON POWER" ""
  Assets:US:BofA:Checking                          -65.00 USD
  Expenses:Home:Electricity                         65.00 USD

2025-09-12 * "Transfering accumulated savings to other account"
  Assets:US:BofA:Checking                           -4000 USD
  Assets:US:ETrade:Cash                              4000 USD

2025-09-20 * "Verizon Wireless" ""
  Assets:US:BofA:Checking                          -65.06 USD
  Expenses:Home:Phone                               65.06 USD

2025-09-21 balance Assets:US:BofA:Checking        1239.05 USD

2025-09-22 * "Wine-Tarner Cable" ""
  Assets:US:BofA:Checking                          -79.97 USD
  Expenses:Home:Internet                            79.97 USD

2025-10-04 * "BANK FEES" "Monthly bank fee"
  Assets:US:BofA:Checking                           -4.00 USD
  Expenses:Financial:Fees                            4.00 USD

2025-10-04 * "RiverBank Properties" "Paying the rent"
  Assets:US:BofA:Checking                        -2400.00 USD
  Expenses:Home:Rent                              2400.00 USD

2025-10-08 * "EDISON POWER" ""
  Assets:US:BofA:Checking                          -65.00 USD
  Expenses:Home:Electricity                         65.00 USD

2025-10-16 balance Assets:US:BofA:Checking        3170.97 USD

2025-10-19 * "Verizon Wireless" ""
  Assets:US:BofA:Checking                          -55.75 USD
  Expenses:Home:Phone                               55.75 USD

2025-10-23 * "Wine-Tarner Cable" ""
  Assets:US:BofA:Checking                          -80.09 USD
  Expenses:Home:Internet                            80.09 USD

2025-11-04 * "BANK FEES" "Monthly bank fee"
  Assets:US:BofA:Checking                           -4.00 USD
  Expenses:Financial:Fees                            4.00 USD

2025-11-05 * "RiverBank Properties" "Paying the rent"
  Assets:US:BofA:Checking                        -2400.00 USD
  Expenses:Home:Rent                              2400.00 USD

2025-11-07 * "Transfering accumulated savings to other account"
  Assets:US:BofA:Checking                           -4500 USD
  Assets:US:ETrade:Cash                              4500 USD

2025-11-09 * "EDISON POWER" ""
  Assets:US:BofA:Checking                          -65.00 USD
  Expenses:Home:Electricity                         65.00 USD

2025-11-10 balance Assets:US:BofA:Checking         374.46 USD

2025-11-18 * "Verizon Wireless" ""
  Assets:US:BofA:Checking                          -65.39 USD
  Expenses:Home:Phone                               65.39 USD

2025-11-23 * "Wine-Tarner Cable" ""
  Assets:US:BofA:Checking                          -80.01 USD
  Expenses:Home:Internet                            80.01 USD

2025-12-04 * "BANK FEES" "Monthly bank fee"
  Assets:US:BofA:Checking                           -4.00 USD
  Expenses:Financial:Fees                            4.00 USD

2025-12-06 * "RiverBank Properties" "Paying the rent"
  Assets:US:BofA:Checking                        -2400.00 USD
  Expenses:Home:Rent                              2400.00 USD

2025-12-08 * "EDISON POWER" ""
  Assets:US:BofA:Checking                          -65.00 USD
  Expenses:Home:Electricity                         65.00 USD

2025-12-10 balance Assets:US:BofA:Checking        2202.92 USD

2025-12-19 * "Verizon Wireless" ""
  Assets:US:BofA:Checking                          -64.25 USD
  Expenses:Home:Phone                               64.25 USD

2025-12-23 * "Wine-Tarner Cable" ""
  Assets:US:BofA:Checking                          -79.90 USD
  Expenses:Home:Internet                            79.90 USD

2026-01-03 balance Assets:US:BofA:Checking        6241.51 USD

2026-01-04 * "BANK FEES" "Monthly bank fee"
  Assets:US:BofA:Checking                           -4.00 USD
  Expenses:Financial:Fees                            4.00 USD

2026-01-05 * "RiverBank Properties" "Paying the rent"
  Assets:US:BofA:Checking                        -2400.00 USD
  Expenses:Home:Rent                              2400.00 USD

2026-01-09 * "EDISON POWER" ""
  Assets:US:BofA:Checking                          -65.00 USD
  Expenses:Home:Electricity                         65.00 USD

2026-01-20 * "Verizon Wireless" ""
  Assets:US:BofA:Checking                          -55.98 USD
  Expenses:Home:Phone                               55.98 USD

2026-01-21 * "Wine-Tarner Cable" ""
  Assets:US:BofA:Checking                          -80.05 USD
  Expenses:Home:Internet                            80.05 USD

2026-01-29 balance Assets:US:BofA:Checking        4087.25 USD

2026-02-04 * "BANK FEES" "Monthly bank fee"
  Assets:US:BofA:Checking                           -4.00 USD
  Expenses:Financial:Fees                            4.00 USD

2026-02-06 * "RiverBank Properties" "Paying the rent"
  Assets:US:BofA:Checking                        -2400.00 USD
  Expenses:Home:Rent                              2400.00 USD

2026-02-08 * "EDISON POWER" ""
  Assets:US:BofA:Checking                          -65.00 USD
  Expenses:Home:Electricity                         65.00 USD

2026-02-13 * "Transfering accumulated savings to other account"
  Assets:US:BofA:Checking                           -3000 USD
  Assets:US:ETrade:Cash                              3000 USD

2026-02-18 balance Assets:US:BofA:Checking         514.74 USD

2026-02-19 * "Verizon Wireless" ""
  Assets:US:BofA:Checking                          -64.56 USD
  Expenses:Home:Phone                               64.56 USD

2026-02-22 * "Wine-Tarner Cable" ""
  Assets:US:BofA:Checking                          -80.06 USD
  Expenses:Home:Internet                            80.06 USD

2026-03-04 * "BANK FEES" "Monthly bank fee"
  Assets:US:BofA:Checking                           -4.00 USD
  Expenses:Financial:Fees                            4.00 USD



* Credit-Cards

1980-05-12 open Liabilities:US:Chase:Slate                      USD

2024-01-03 * "Rose Flower" "Eating out with work buddies"
  Liabilities:US:Chase:Slate                       -33.65 USD
  Expenses:Food:Restaurant                          33.65 USD

2024-01-06 * "China Garden" "Eating out "
  Liabilities:US:Chase:Slate                       -11.71 USD
  Expenses:Food:Restaurant                          11.71 USD

2024-01-10 * "Goba Goba" "Eating out with Natasha"
  Liabilities:US:Chase:Slate                       -28.50 USD
  Expenses:Food:Restaurant                          28.50 USD

2024-01-10 * "Onion Market" "Buying groceries"
  Liabilities:US:Chase:Slate                      -118.78 USD
  Expenses:Food:Groceries                          118.78 USD

2024-01-10 * "Chase:Slate" "Paying off credit card"
  Liabilities:US:Chase:Slate                        73.86 USD
  Assets:US:BofA:Checking                          -73.86 USD

2024-01-13 * "Cafe Modagor" "Eating out with Julie"
  Liabilities:US:Chase:Slate                       -30.89 USD
  Expenses:Food:Restaurant                          30.89 USD

2024-01-16 * "Rose Flower" "Eating out with Julie"
  Liabilities:US:Chase:Slate                       -23.62 USD
  Expenses:Food:Restaurant                          23.62 USD

2024-01-20 * "Jewel of Morroco" "Eating out with Julie"
  Liabilities:US:Chase:Slate                       -41.91 USD
  Expenses:Food:Restaurant                          41.91 USD

2024-01-21 balance Liabilities:US:Chase:Slate     -215.20 USD

2024-01-24 * "Rose Flower" "Eating out with Natasha"
  Liabilities:US:Chase:Slate                       -29.85 USD
  Expenses:Food:Restaurant                          29.85 USD

2024-01-24 * "Corner Deli" "Buying groceries"
  Liabilities:US:Chase:Slate                       -65.50 USD
  Expenses:Food:Groceries                           65.50 USD

2024-01-28 * "Chichipotle" "Eating out with Joe"
  Liabilities:US:Chase:Slate                       -11.05 USD
  Expenses:Food:Restaurant                          11.05 USD

2024-01-29 * "Metro Transport Authority" "Tram tickets"
  Liabilities:US:Chase:Slate                      -120.00 USD
  Expenses:Transport:Tram                          120.00 USD

2024-02-02 * "China Garden" "Eating out "
  Liabilities:US:Chase:Slate                       -25.76 USD
  Expenses:Food:Restaurant                          25.76 USD

2024-02-07 * "Goba Goba" "Eating out "
  Liabilities:US:Chase:Slate                       -17.36 USD
  Expenses:Food:Restaurant                          17.36 USD

2024-02-07 * "Chase:Slate" "Paying off credit card"
  Liabilities:US:Chase:Slate                       484.72 USD
  Assets:US:BofA:Checking                         -484.72 USD

2024-02-10 * "Onion Market" "Buying groceries"
  Liabilities:US:Chase:Slate                       -91.45 USD
  Expenses:Food:Groceries                           91.45 USD

2024-02-11 * "Uncle Boons" "Eating out "
  Liabilities:US:Chase:Slate                       -24.02 USD
  Expenses:Food:Restaurant                          24.02 USD

2024-02-13 * "Kin Soy" "Eating out with work buddies"
  Liabilities:US:Chase:Slate                       -25.31 USD
  Expenses:Food:Restaurant                          25.31 USD

2024-02-14 balance Liabilities:US:Chase:Slate     -140.78 USD

2024-02-16 * "Goba Goba" "Eating out with Julie"
  Liabilities:US:Chase:Slate                       -22.84 USD
  Expenses:Food:Restaurant                          22.84 USD

2024-02-20 * "Jewel of Morroco" "Eating out alone"
  Liabilities:US:Chase:Slate                       -47.50 USD
  Expenses:Food:Restaurant                          47.50 USD

2024-02-23 * "Jewel of Morroco" "Eating out alone"
  Liabilities:US:Chase:Slate                       -31.56 USD
  Expenses:Food:Restaurant                          31.56 USD

2024-02-26 * "Corner Deli" "Buying groceries"
  Liabilities:US:Chase:Slate                       -55.99 USD
  Expenses:Food:Groceries                           55.99 USD

2024-02-28 * "Rose Flower" "Eating out after work"
  Liabilities:US:Chase:Slate                       -55.99 USD
  Expenses:Food:Restaurant                          55.99 USD

2024-02-29 * "Metro Transport Authority" "Tram tickets"
  Liabilities:US:Chase:Slate                      -120.00 USD
  Expenses:Transport:Tram                          120.00 USD

2024-03-02 * "Kin Soy" "Eating out "
  Liabilities:US:Chase:Slate                       -51.63 USD
  Expenses:Food:Restaurant                          51.63 USD

2024-03-04 * "China Garden" "Eating out alone"
  Liabilities:US:Chase:Slate                       -22.07 USD
  Expenses:Food:Restaurant                          22.07 USD

2024-03-06 * "Cafe Modagor" "Eating out alone"
  Liabilities:US:Chase:Slate                       -60.03 USD
  Expenses:Food:Restaurant                          60.03 USD

2024-03-08 * "Jewel of Morroco" "Eating out after work"
  Liabilities:US:Chase:Slate                       -40.98 USD
  Expenses:Food:Restaurant                          40.98 USD

2024-03-08 * "Chase:Slate" "Paying off credit card"
  Liabilities:US:Chase:Slate                       649.37 USD
  Assets:US:BofA:Checking                         -649.37 USD

2024-03-09 balance Liabilities:US:Chase:Slate           0 USD

2024-03-10 * "Uncle Boons" "Eating out alone"
  Liabilities:US:Chase:Slate                       -28.61 USD
  Expenses:Food:Restaurant                          28.61 USD

2024-03-13 * "Rose Flower" "Eating out after work"
  Liabilities:US:Chase:Slate                       -46.57 USD
  Expenses:Food:Restaurant                          46.57 USD

2024-03-14 * "Corner Deli" "Buying groceries"
  Liabilities:US:Chase:Slate                      -109.44 USD
  Expenses:Food:Groceries                          109.44 USD

2024-03-15 * "Rose Flower" "Eating out with Joe"
  Liabilities:US:Chase:Slate                       -48.36 USD
  Expenses:Food:Restaurant                          48.36 USD

2024-03-17 * "Kin Soy" "Eating out "
  Liabilities:US:Chase:Slate                       -22.75 USD
  Expenses:Food:Restaurant                          22.75 USD

2024-03-20 * "Cafe Modagor" "Eating out with Bill"
  Liabilities:US:Chase:Slate                       -37.50 USD
  Expenses:Food:Restaurant                          37.50 USD

2024-03-23 * "Jewel of Morroco" "Eating out with Julie"
  Liabilities:US:Chase:Slate                       -20.00 USD
  Expenses:Food:Restaurant                          20.00 USD

2024-03-24 * "Cafe Modagor" "Eating out with work buddies"
  Liabilities:US:Chase:Slate                       -43.79 USD
  Expenses:Food:Restaurant                          43.79 USD

2024-03-29 * "Jewel of Morroco" "Eating out after work"
  Liabilities:US:Chase:Slate                       -31.47 USD
  Expenses:Food:Restaurant                          31.47 USD

2024-03-30 * "Chichipotle" "Eating out with Natasha"
  Liabilities:US:Chase:Slate                       -30.19 USD
  Expenses:Food:Restaurant                          30.19 USD

2024-03-31 balance Liabilities:US:Chase:Slate     -418.68 USD

2024-04-01 * "Metro Transport Authority" "Tram tickets"
  Liabilities:US:Chase:Slate                      -120.00 USD
  Expenses:Transport:Tram                          120.00 USD

2024-04-02 * "Farmer Fresh" "Buying groceries"
  Liabilities:US:Chase:Slate                       -79.48 USD
  Expenses:Food:Groceries                           79.48 USD

2024-04-03 * "Goba Goba" "Eating out with work buddies"
  Liabilities:US:Chase:Slate                       -65.52 USD
  Expenses:Food:Restaurant                          65.52 USD

2024-04-07 * "Chase:Slate" "Paying off credit card"
  Liabilities:US:Chase:Slate                       731.40 USD
  Assets:US:BofA:Checking                         -731.40 USD

2024-04-08 * "Chichipotle" "Eating out alone"
  Liabilities:US:Chase:Slate                       -47.72 USD
  Expenses:Food:Restaurant                          47.72 USD

2024-04-12 * "Corner Deli" "Buying groceries"
  Liabilities:US:Chase:Slate                      -101.53 USD
  Expenses:Food:Groceries                          101.53 USD

2024-04-13 * "Uncle Boons" "Eating out "
  Liabilities:US:Chase:Slate                       -10.12 USD
  Expenses:Food:Restaurant                          10.12 USD

2024-04-15 * "China Garden" "Eating out with Joe"
  Liabilities:US:Chase:Slate                       -44.98 USD
  Expenses:Food:Restaurant                          44.98 USD

2024-04-19 * "China Garden" "Eating out with work buddies"
  Liabilities:US:Chase:Slate                       -40.43 USD
  Expenses:Food:Restaurant                          40.43 USD

2024-04-22 * "Rose Flower" "Eating out with Julie"
  Liabilities:US:Chase:Slate                       -20.53 USD
  Expenses:Food:Restaurant                          20.53 USD

2024-04-23 * "Kin Soy" "Eating out "
  Liabilities:US:Chase:Slate                       -22.16 USD
  Expenses:Food:Restaurant                          22.16 USD

2024-04-24 * "Farmer Fresh" "Buying groceries"
  Liabilities:US:Chase:Slate                       -88.81 USD
  Expenses:Food:Groceries                           88.81 USD

2024-04-27 balance Liabilities:US:Chase:Slate     -328.56 USD

2024-04-27 * "Kin Soy" "Eating out alone"
  Liabilities:US:Chase:Slate                       -28.92 USD
  Expenses:Food:Restaurant                          28.92 USD

2024-04-29 * "China Garden" "Eating out alone"
  Liabilities:US:Chase:Slate                       -21.74 USD
  Expenses:Food:Restaurant                          21.74 USD

2024-04-30 * "Metro Transport Authority" "Tram tickets"
  Liabilities:US:Chase:Slate                      -120.00 USD
  Expenses:Transport:Tram                          120.00 USD

2024-05-03 * "Onion Market" "Buying groceries"
  Liabilities:US:Chase:Slate                       -93.68 USD
  Expenses:Food:Groceries                           93.68 USD

2024-05-04 * "Uncle Boons" "Eating out with work buddies"
  Liabilities:US:Chase:Slate                       -20.19 USD
  Expenses:Food:Restaurant                          20.19 USD

2024-05-06 * "Goba Goba" "Eating out with Julie"
  Liabilities:US:Chase:Slate                       -21.64 USD
  Expenses:Food:Restaurant                          21.64 USD

2024-05-07 * "Chase:Slate" "Paying off credit card"
  Liabilities:US:Chase:Slate                       672.47 USD
  Assets:US:BofA:Checking                         -672.47 USD

2024-05-08 * "Uncle Boons" "Eating out with Natasha"
  Liabilities:US:Chase:Slate                       -37.74 USD
  Expenses:Food:Restaurant                          37.74 USD

2024-05-08 * "Corner Deli" "Buying groceries"
  Liabilities:US:Chase:Slate                      -114.56 USD
  Expenses:Food:Groceries                          114.56 USD

2024-05-10 * "Rose Flower" "Eating out with Bill"
  Liabilities:US:Chase:Slate                       -24.03 USD
  Expenses:Food:Restaurant                          24.03 USD

2024-05-13 * "Rose Flower" "Eating out with work buddies"
  Liabilities:US:Chase:Slate                       -44.22 USD
  Expenses:Food:Restaurant                          44.22 USD

2024-05-16 * "Farmer Fresh" "Buying groceries"
  Liabilities:US:Chase:Slate                       -65.27 USD
  Expenses:Food:Groceries                           65.27 USD

2024-05-17 * "Uncle Boons" "Eating out "
  Liabilities:US:Chase:Slate                       -29.33 USD
  Expenses:Food:Restaurant                          29.33 USD

2024-05-18 balance Liabilities:US:Chase:Slate     -277.41 USD

2024-05-18 * "Rose Flower" "Eating out with Bill"
  Liabilities:US:Chase:Slate                       -43.60 USD
  Expenses:Food:Restaurant                          43.60 USD

2024-05-20 * "Jewel of Morroco" "Eating out with Julie"
  Liabilities:US:Chase:Slate                       -20.44 USD
  Expenses:Food:Restaurant                          20.44 USD

2024-05-24 * "Corner Deli" "Buying groceries"
  Liabilities:US:Chase:Slate                       -57.51 USD
  Expenses:Food:Groceries                           57.51 USD

2024-05-25 * "Jewel of Morroco" "Eating out with work buddies"
  Liabilities:US:Chase:Slate                       -12.08 USD
  Expenses:Food:Restaurant                          12.08 USD

2024-05-30 * "Kin Soy" "Eating out with Julie"
  Liabilities:US:Chase:Slate                       -37.22 USD
  Expenses:Food:Restaurant                          37.22 USD

2024-06-01 * "Metro Transport Authority" "Tram tickets"
  Liabilities:US:Chase:Slate                      -120.00 USD
  Expenses:Transport:Tram                          120.00 USD

2024-06-02 * "Cafe Modagor" "Eating out with Bill"
  Liabilities:US:Chase:Slate                       -34.25 USD
  Expenses:Food:Restaurant                          34.25 USD

2024-06-03 * "Uncle Boons" "Eating out with Joe"
  Liabilities:US:Chase:Slate                       -24.44 USD
  Expenses:Food:Restaurant                          24.44 USD

2024-06-05 * "Cafe Modagor" "Eating out with Julie"
  Liabilities:US:Chase:Slate                       -24.43 USD
  Expenses:Food:Restaurant                          24.43 USD

2024-06-07 * "Chase:Slate" "Paying off credit card"
  Liabilities:US:Chase:Slate                       702.55 USD
  Assets:US:BofA:Checking                         -702.55 USD

2024-06-08 * "Jewel of Morroco" "Eating out with Natasha"
  Liabilities:US:Chase:Slate                       -51.17 USD
  Expenses:Food:Restaurant                          51.17 USD

2024-06-10 * "Onion Market" "Buying groceries"
  Liabilities:US:Chase:Slate                       -55.01 USD
  Expenses:Food:Groceries                           55.01 USD

2024-06-13 * "Goba Goba" "Eating out with Natasha"
  Liabilities:US:Chase:Slate                       -23.96 USD
  Expenses:Food:Restaurant                          23.96 USD

2024-06-14 balance Liabilities:US:Chase:Slate      -78.97 USD

2024-06-14 * "Uncle Boons" "Eating out "
  Liabilities:US:Chase:Slate                       -21.45 USD
  Expenses:Food:Restaurant                          21.45 USD

2024-06-15 * "Uncle Boons" "Eating out "
  Liabilities:US:Chase:Slate                       -29.08 USD
  Expenses:Food:Restaurant                          29.08 USD

2024-06-19 * "Rose Flower" "Eating out with Natasha"
  Liabilities:US:Chase:Slate                       -27.98 USD
  Expenses:Food:Restaurant                          27.98 USD

2024-06-21 * "Rose Flower" "Eating out with Bill"
  Liabilities:US:Chase:Slate                       -86.84 USD
  Expenses:Food:Restaurant                          86.84 USD

2024-06-22 * "Good Moods Market" "Buying groceries"
  Liabilities:US:Chase:Slate                       -83.18 USD
  Expenses:Food:Groceries                           83.18 USD

2024-06-25 * "Goba Goba" "Eating out alone"
  Liabilities:US:Chase:Slate                       -30.72 USD
  Expenses:Food:Restaurant                          30.72 USD

2024-06-29 * "China Garden" "Eating out after work"
  Liabilities:US:Chase:Slate                       -55.52 USD
  Expenses:Food:Restaurant                          55.52 USD

2024-06-30 * "Uncle Boons" "Eating out alone"
  Liabilities:US:Chase:Slate                       -43.49 USD
  Expenses:Food:Restaurant                          43.49 USD

2024-07-01 * "Onion Market" "Buying groceries"
  Liabilities:US:Chase:Slate                       -69.40 USD
  Expenses:Food:Groceries                           69.40 USD

2024-07-01 * "Metro Transport Authority" "Tram tickets"
  Liabilities:US:Chase:Slate                      -120.00 USD
  Expenses:Transport:Tram                          120.00 USD

2024-07-05 * "Rose Flower" "Eating out "
  Liabilities:US:Chase:Slate                       -24.69 USD
  Expenses:Food:Restaurant                          24.69 USD

2024-07-07 balance Liabilities:US:Chase:Slate     -671.32 USD

2024-07-08 * "Chase:Slate" "Paying off credit card"
  Liabilities:US:Chase:Slate                       687.08 USD
  Assets:US:BofA:Checking                         -687.08 USD

2024-07-09 * "Chichipotle" "Eating out "
  Liabilities:US:Chase:Slate                       -15.76 USD
  Expenses:Food:Restaurant                          15.76 USD

2024-07-10 * "Chichipotle" "Eating out "
  Liabilities:US:Chase:Slate                       -18.99 USD
  Expenses:Food:Restaurant                          18.99 USD

2024-07-11 * "Rose Flower" "Eating out alone"
  Liabilities:US:Chase:Slate                       -61.47 USD
  Expenses:Food:Restaurant                          61.47 USD

2024-07-11 * "Onion Market" "Buying groceries"
  Liabilities:US:Chase:Slate                       -76.04 USD
  Expenses:Food:Groceries                           76.04 USD

2024-07-12 * "Uncle Boons" "Eating out alone"
  Liabilities:US:Chase:Slate                       -33.87 USD
  Expenses:Food:Restaurant                          33.87 USD

2024-07-16 * "Goba Goba" "Eating out with Natasha"
  Liabilities:US:Chase:Slate                       -31.79 USD
  Expenses:Food:Restaurant                          31.79 USD

2024-07-19 * "Rose Flower" "Eating out with work buddies"
  Liabilities:US:Chase:Slate                       -17.75 USD
  Expenses:Food:Restaurant                          17.75 USD

2024-07-22 * "Goba Goba" "Eating out "
  Liabilities:US:Chase:Slate                       -52.46 USD
  Expenses:Food:Restaurant                          52.46 USD

2024-07-27 * "Jewel of Morroco" "Eating out "
  Liabilities:US:Chase:Slate                       -29.51 USD
  Expenses:Food:Restaurant                          29.51 USD

2024-07-27 * "Farmer Fresh" "Buying groceries"
  Liabilities:US:Chase:Slate                       -68.97 USD
  Expenses:Food:Groceries                           68.97 USD

2024-07-30 * "Rose Flower" "Eating out after work"
  Liabilities:US:Chase:Slate                       -22.35 USD
  Expenses:Food:Restaurant                          22.35 USD

2024-07-31 * "Metro Transport Authority" "Tram tickets"
  Liabilities:US:Chase:Slate                      -120.00 USD
  Expenses:Transport:Tram                          120.00 USD

2024-08-03 * "Goba Goba" "Eating out "
  Liabilities:US:Chase:Slate                       -63.95 USD
  Expenses:Food:Restaurant                          63.95 USD

2024-08-04 * "Cafe Modagor" "Eating out "
  Liabilities:US:Chase:Slate                       -26.35 USD
  Expenses:Food:Restaurant                          26.35 USD

2024-08-05 balance Liabilities:US:Chase:Slate     -623.50 USD

2024-08-05 * "Goba Goba" "Eating out with Natasha"
  Liabilities:US:Chase:Slate                       -39.00 USD
  Expenses:Food:Restaurant                          39.00 USD

2024-08-07 * "Farmer Fresh" "Buying groceries"
  Liabilities:US:Chase:Slate                       -78.26 USD
  Expenses:Food:Groceries                           78.26 USD

2024-08-08 * "Chase:Slate" "Paying off credit card"
  Liabilities:US:Chase:Slate                       779.92 USD
  Assets:US:BofA:Checking                         -779.92 USD

2024-08-09 * "Jewel of Morroco" "Eating out with Natasha"
  Liabilities:US:Chase:Slate                       -39.16 USD
  Expenses:Food:Restaurant                          39.16 USD

2024-08-12 * "Rose Flower" "Eating out with Natasha"
  Liabilities:US:Chase:Slate                       -26.55 USD
  Expenses:Food:Restaurant                          26.55 USD

2024-08-14 * "Cafe Modagor" "Eating out alone"
  Liabilities:US:Chase:Slate                       -95.11 USD
  Expenses:Food:Restaurant                          95.11 USD

2024-08-15 * "Chichipotle" "Eating out with Bill"
  Liabilities:US:Chase:Slate                       -55.30 USD
  Expenses:Food:Restaurant                          55.30 USD

2024-08-18 * "Jewel of Morroco" "Eating out with Bill"
  Liabilities:US:Chase:Slate                       -40.15 USD
  Expenses:Food:Restaurant                          40.15 USD

2024-08-20 * "Goba Goba" "Eating out with Bill"
  Liabilities:US:Chase:Slate                       -31.54 USD
  Expenses:Food:Restaurant                          31.54 USD

2024-08-21 * "Chichipotle" "Eating out with Bill"
  Liabilities:US:Chase:Slate                       -33.94 USD
  Expenses:Food:Restaurant                          33.94 USD

2024-08-22 * "Farmer Fresh" "Buying groceries"
  Liabilities:US:Chase:Slate                      -102.51 USD
  Expenses:Food:Groceries                          102.51 USD

2024-08-23 * "Rose Flower" "Eating out "
  Liabilities:US:Chase:Slate                       -28.93 USD
  Expenses:Food:Restaurant                          28.93 USD

2024-08-26 * "China Garden" "Eating out with work buddies"
  Liabilities:US:Chase:Slate                       -34.74 USD
  Expenses:Food:Restaurant                          34.74 USD

2024-08-30 * "Kin Soy" "Eating out alone"
  Liabilities:US:Chase:Slate                       -38.28 USD
  Expenses:Food:Restaurant                          38.28 USD

2024-08-30 * "Metro Transport Authority" "Tram tickets"
  Liabilities:US:Chase:Slate                      -120.00 USD
  Expenses:Transport:Tram                          120.00 USD

2024-08-31 balance Liabilities:US:Chase:Slate     -607.05 USD

2024-09-03 * "Uncle Boons" "Eating out with work buddies"
  Liabilities:US:Chase:Slate                       -19.28 USD
  Expenses:Food:Restaurant                          19.28 USD

2024-09-04 * "Chichipotle" "Eating out with work buddies"
  Liabilities:US:Chase:Slate                       -20.90 USD
  Expenses:Food:Restaurant                          20.90 USD

2024-09-06 event "location" "Los Angeles"

2024-09-07 * "Mr. Marcel" "" #trip-los-angeles-2024
  Liabilities:US:Chase:Slate                       -47.09 USD
  Expenses:Food:Restaurant                          47.09 USD

2024-09-07 * "E.B.'s Beer and Wine" "" #trip-los-angeles-2024
  Liabilities:US:Chase:Slate                        -8.87 USD
  Expenses:Food:Alcohol                              8.87 USD

2024-09-08 * "Dupar's" "" #trip-los-angeles-2024
  Liabilities:US:Chase:Slate                       -31.49 USD
  Expenses:Food:Restaurant                          31.49 USD

2024-09-08 * "Chipotle" "" #trip-los-angeles-2024
  Liabilities:US:Chase:Slate                       -17.70 USD
  Expenses:Food:Restaurant                          17.70 USD

2024-09-08 * "E.B.'s Beer and Wine" "" #trip-los-angeles-2024
  Liabilities:US:Chase:Slate                        -5.19 USD
  Expenses:Food:Alcohol                              5.19 USD

2024-09-08 * "Chase:Slate" "Paying off credit card"
  Liabilities:US:Chase:Slate                       683.00 USD
  Assets:US:BofA:Checking                         -683.00 USD

2024-09-09 * "Mr. Marcel" "" #trip-los-angeles-2024
  Liabilities:US:Chase:Slate                       -37.87 USD
  Expenses:Food:Restaurant                          37.87 USD

2024-09-09 * "Dupar's" "" #trip-los-angeles-2024
  Liabilities:US:Chase:Slate                       -33.60 USD
  Expenses:Food:Restaurant                          33.60 USD

2024-09-09 * "Pampas Grill" "" #trip-los-angeles-2024
  Liabilities:US:Chase:Slate                       -24.85 USD
  Expenses:Food:Restaurant                          24.85 USD

2024-09-09 * "Chipotle" "" #trip-los-angeles-2024
  Liabilities:US:Chase:Slate                       -19.06 USD
  Expenses:Food:Restaurant                          19.06 USD

2024-09-10 * "Mr. Marcel" "" #trip-los-angeles-2024
  Liabilities:US:Chase:Slate                       -30.05 USD
  Expenses:Food:Restaurant                          30.05 USD

2024-09-10 * "Dupar's" "" #trip-los-angeles-2024
  Liabilities:US:Chase:Slate                       -19.24 USD
  Expenses:Food:Restaurant                          19.24 USD

2024-09-10 * "Pampas Grill" "" #trip-los-angeles-2024
  Liabilities:US:Chase:Slate                       -31.34 USD
  Expenses:Food:Restaurant                          31.34 USD

2024-09-10 * "Chipotle" "" #trip-los-angeles-2024
  Liabilities:US:Chase:Slate                       -16.09 USD
  Expenses:Food:Restaurant                          16.09 USD

2024-09-11 * "Dupar's" "" #trip-los-angeles-2024
  Liabilities:US:Chase:Slate                       -28.07 USD
  Expenses:Food:Restaurant                          28.07 USD

2024-09-11 * "Chipotle" "" #trip-los-angeles-2024
  Liabilities:US:Chase:Slate                       -16.42 USD
  Expenses:Food:Restaurant                          16.42 USD

2024-09-12 * "Mr. Marcel" "" #trip-los-angeles-2024
  Liabilities:US:Chase:Slate                       -36.52 USD
  Expenses:Food:Restaurant                          36.52 USD

2024-09-13 * "Starbucks" "" #trip-los-angeles-2024
  Liabilities:US:Chase:Slate                        -7.03 USD
  Expenses:Food:Coffee                               7.03 USD

2024-09-13 * "E.B.'s Beer and Wine" "" #trip-los-angeles-2024
  Liabilities:US:Chase:Slate                        -9.00 USD
  Expenses:Food:Alcohol                              9.00 USD

2024-09-14 * "Chipotle" "" #trip-los-angeles-2024
  Liabilities:US:Chase:Slate                       -18.39 USD
  Expenses:Food:Restaurant                          18.39 USD

2024-09-15 * "Pampas Grill" "" #trip-los-angeles-2024
  Liabilities:US:Chase:Slate                       -21.65 USD
  Expenses:Food:Restaurant                          21.65 USD

2024-09-15 * "Chipotle" "" #trip-los-angeles-2024
  Liabilities:US:Chase:Slate                       -16.05 USD
  Expenses:Food:Restaurant                          16.05 USD

2024-09-16 * "Banana Leaf" "" #trip-los-angeles-2024
  Liabilities:US:Chase:Slate                       -25.54 USD
  Expenses:Food:Restaurant                          25.54 USD

2024-09-16 * "Dupar's" "" #trip-los-angeles-2024
  Liabilities:US:Chase:Slate                       -27.33 USD
  Expenses:Food:Restaurant                          27.33 USD

2024-09-16 * "Pampas Grill" "" #trip-los-angeles-2024
  Liabilities:US:Chase:Slate                       -28.80 USD
  Expenses:Food:Restaurant                          28.80 USD

2024-09-17 * "Banana Leaf" "" #trip-los-angeles-2024
  Liabilities:US:Chase:Slate                       -29.21 USD
  Expenses:Food:Restaurant                          29.21 USD

2024-09-17 * "Pampas Grill" "" #trip-los-angeles-2024
  Liabilities:US:Chase:Slate                       -20.82 USD
  Expenses:Food:Restaurant                          20.82 USD

2024-09-18 * "Dupar's" "" #trip-los-angeles-2024
  Liabilities:US:Chase:Slate                       -34.78 USD
  Expenses:Food:Restaurant                          34.78 USD

2024-09-18 * "Pampas Grill" "" #trip-los-angeles-2024
  Liabilities:US:Chase:Slate                       -30.43 USD
  Expenses:Food:Restaurant                          30.43 USD

2024-09-18 * "E.B.'s Beer and Wine" "" #trip-los-angeles-2024
  Liabilities:US:Chase:Slate                       -10.21 USD
  Expenses:Food:Alcohol                             10.21 USD

2024-09-19 * "Mr. Marcel" "" #trip-los-angeles-2024
  Liabilities:US:Chase:Slate                       -47.17 USD
  Expenses:Food:Restaurant                          47.17 USD

2024-09-19 * "Banana Leaf" "" #trip-los-angeles-2024
  Liabilities:US:Chase:Slate                       -24.60 USD
  Expenses:Food:Restaurant                          24.60 USD

2024-09-19 * "Starbucks" "" #trip-los-angeles-2024
  Liabilities:US:Chase:Slate                        -4.93 USD
  Expenses:Food:Coffee                               4.93 USD

2024-09-20 * "Mr. Marcel" "" #trip-los-angeles-2024
  Liabilities:US:Chase:Slate                       -40.13 USD
  Expenses:Food:Restaurant                          40.13 USD

2024-09-20 * "Dupar's" "" #trip-los-angeles-2024
  Liabilities:US:Chase:Slate                       -29.69 USD
  Expenses:Food:Restaurant                          29.69 USD

2024-09-20 * "Pampas Grill" "" #trip-los-angeles-2024
  Liabilities:US:Chase:Slate                       -28.51 USD
  Expenses:Food:Restaurant                          28.51 USD

2024-09-21 * "Jewel of Morroco" "Eating out with Natasha"
  Liabilities:US:Chase:Slate                       -35.77 USD
  Expenses:Food:Restaurant                          35.77 USD

2024-09-21 * "Dupar's" "" #trip-los-angeles-2024
  Liabilities:US:Chase:Slate                       -25.38 USD
  Expenses:Food:Restaurant                          25.38 USD

2024-09-21 * "Starbucks" "" #trip-los-angeles-2024
  Liabilities:US:Chase:Slate                        -5.94 USD
  Expenses:Food:Coffee                               5.94 USD

2024-09-21 * "Consume vacation days"
  Assets:US:Hooli:Vacation                           -120 VACHR
  Expenses:Vacation                                   120 VACHR

2024-09-21 event "location" "New Metropolis"

2024-09-22 balance Liabilities:US:Chase:Slate     -889.04 USD

2024-09-23 * "Chichipotle" "Eating out after work"
  Liabilities:US:Chase:Slate                       -20.13 USD
  Expenses:Food:Restaurant                          20.13 USD

2024-09-26 * "Metro Transport Authority" "Tram tickets"
  Liabilities:US:Chase:Slate                      -120.00 USD
  Expenses:Transport:Tram                          120.00 USD

2024-09-28 * "Jewel of Morroco" "Eating out with Natasha"
  Liabilities:US:Chase:Slate                       -24.12 USD
  Expenses:Food:Restaurant                          24.12 USD

2024-10-02 * "Rose Flower" "Eating out after work"
  Liabilities:US:Chase:Slate                      -112.30 USD
  Expenses:Food:Restaurant                         112.30 USD

2024-10-04 * "Cafe Modagor" "Eating out after work"
  Liabilities:US:Chase:Slate                       -13.53 USD
  Expenses:Food:Restaurant                          13.53 USD

2024-10-04 * "Good Moods Market" "Buying groceries"
  Liabilities:US:Chase:Slate                      -106.70 USD
  Expenses:Food:Groceries                          106.70 USD

2024-10-09 * "Jewel of Morroco" "Eating out with work buddies"
  Liabilities:US:Chase:Slate                       -65.88 USD
  Expenses:Food:Restaurant                          65.88 USD

2024-10-10 * "Chase:Slate" "Paying off credit card"
  Liabilities:US:Chase:Slate                       501.11 USD
  Assets:US:BofA:Checking                         -501.11 USD

2024-10-11 * "Rose Flower" "Eating out with Joe"
  Liabilities:US:Chase:Slate                       -38.45 USD
  Expenses:Food:Restaurant                          38.45 USD

2024-10-14 * "Kin Soy" "Eating out with Natasha"
  Liabilities:US:Chase:Slate                       -24.46 USD
  Expenses:Food:Restaurant                          24.46 USD

2024-10-19 * "China Garden" "Eating out with Bill"
  Liabilities:US:Chase:Slate                       -23.14 USD
  Expenses:Food:Restaurant                          23.14 USD

2024-10-19 * "Corner Deli" "Buying groceries"
  Liabilities:US:Chase:Slate                       -59.03 USD
  Expenses:Food:Groceries                           59.03 USD

2024-10-22 balance Liabilities:US:Chase:Slate     -995.67 USD

2024-10-24 * "Goba Goba" "Eating out with Natasha"
  Liabilities:US:Chase:Slate                       -22.58 USD
  Expenses:Food:Restaurant                          22.58 USD

2024-10-25 * "China Garden" "Eating out with Joe"
  Liabilities:US:Chase:Slate                       -20.13 USD
  Expenses:Food:Restaurant                          20.13 USD

2024-10-27 * "Cafe Modagor" "Eating out with Natasha"
  Liabilities:US:Chase:Slate                       -24.89 USD
  Expenses:Food:Restaurant                          24.89 USD

2024-10-27 * "Good Moods Market" "Buying groceries"
  Liabilities:US:Chase:Slate                      -102.01 USD
  Expenses:Food:Groceries                          102.01 USD

2024-10-28 * "Metro Transport Authority" "Tram tickets"
  Liabilities:US:Chase:Slate                      -120.00 USD
  Expenses:Transport:Tram                          120.00 USD

2024-10-31 * "Cafe Modagor" "Eating out "
  Liabilities:US:Chase:Slate                       -28.35 USD
  Expenses:Food:Restaurant                          28.35 USD

2024-11-01 * "Good Moods Market" "Buying groceries"
  Liabilities:US:Chase:Slate                      -116.83 USD
  Expenses:Food:Groceries                          116.83 USD

2024-11-05 * "Uncle Boons" "Eating out "
  Liabilities:US:Chase:Slate                       -18.14 USD
  Expenses:Food:Restaurant                          18.14 USD

2024-11-06 * "Jewel of Morroco" "Eating out with Natasha"
  Liabilities:US:Chase:Slate                       -16.69 USD
  Expenses:Food:Restaurant                          16.69 USD

2024-11-09 * "Chase:Slate" "Paying off credit card"
  Liabilities:US:Chase:Slate                       615.37 USD
  Assets:US:BofA:Checking                         -615.37 USD

2024-11-10 * "China Garden" "Eating out with Bill"
  Liabilities:US:Chase:Slate                       -39.12 USD
  Expenses:Food:Restaurant                          39.12 USD

2024-11-11 * "China Garden" "Eating out alone"
  Liabilities:US:Chase:Slate                       -15.02 USD
  Expenses:Food:Restaurant                          15.02 USD

2024-11-16 * "Jewel of Morroco" "Eating out with Natasha"
  Liabilities:US:Chase:Slate                       -31.19 USD
  Expenses:Food:Restaurant                          31.19 USD

2024-11-17 * "Kin Soy" "Eating out alone"
  Liabilities:US:Chase:Slate                       -60.59 USD
  Expenses:Food:Restaurant                          60.59 USD

2024-11-18 balance Liabilities:US:Chase:Slate     -995.84 USD

2024-11-20 * "Corner Deli" "Buying groceries"
  Liabilities:US:Chase:Slate                      -120.07 USD
  Expenses:Food:Groceries                          120.07 USD

2024-11-21 * "Jewel of Morroco" "Eating out alone"
  Liabilities:US:Chase:Slate                       -47.55 USD
  Expenses:Food:Restaurant                          47.55 USD

2024-11-22 * "China Garden" "Eating out with Bill"
  Liabilities:US:Chase:Slate                       -24.82 USD
  Expenses:Food:Restaurant                          24.82 USD

2024-11-26 * "Rose Flower" "Eating out after work"
  Liabilities:US:Chase:Slate                       -72.50 USD
  Expenses:Food:Restaurant                          72.50 USD

2024-11-27 * "Rose Flower" "Eating out with work buddies"
  Liabilities:US:Chase:Slate                       -18.36 USD
  Expenses:Food:Restaurant                          18.36 USD

2024-11-30 * "Metro Transport Authority" "Tram tickets"
  Liabilities:US:Chase:Slate                      -120.00 USD
  Expenses:Transport:Tram                          120.00 USD

2024-12-02 * "Kin Soy" "Eating out with Bill"
  Liabilities:US:Chase:Slate                       -25.94 USD
  Expenses:Food:Restaurant                          25.94 USD

2024-12-02 * "Farmer Fresh" "Buying groceries"
  Liabilities:US:Chase:Slate                       -70.14 USD
  Expenses:Food:Groceries                           70.14 USD

2024-12-06 * "China Garden" "Eating out with Natasha"
  Liabilities:US:Chase:Slate                       -24.19 USD
  Expenses:Food:Restaurant                          24.19 USD

2024-12-07 * "Chase:Slate" "Paying off credit card"
  Liabilities:US:Chase:Slate                       669.57 USD
  Assets:US:BofA:Checking                         -669.57 USD

2024-12-09 balance Liabilities:US:Chase:Slate     -849.84 USD

2024-12-09 * "Rose Flower" "Eating out with work buddies"
  Liabilities:US:Chase:Slate                       -39.20 USD
  Expenses:Food:Restaurant                          39.20 USD

2024-12-09 * "Farmer Fresh" "Buying groceries"
  Liabilities:US:Chase:Slate                       -75.57 USD
  Expenses:Food:Groceries                           75.57 USD

2024-12-10 * "China Garden" "Eating out after work"
  Liabilities:US:Chase:Slate                       -14.20 USD
  Expenses:Food:Restaurant                          14.20 USD

2024-12-11 * "Cafe Modagor" "Eating out with Bill"
  Liabilities:US:Chase:Slate                       -23.16 USD
  Expenses:Food:Restaurant                          23.16 USD

2024-12-12 * "Jewel of Morroco" "Eating out "
  Liabilities:US:Chase:Slate                       -16.39 USD
  Expenses:Food:Restaurant                          16.39 USD

2024-12-15 * "Cafe Modagor" "Eating out with Joe"
  Liabilities:US:Chase:Slate                       -21.22 USD
  Expenses:Food:Restaurant                          21.22 USD

2024-12-17 * "Uncle Boons" "Eating out "
  Liabilities:US:Chase:Slate                       -16.08 USD
  Expenses:Food:Restaurant                          16.08 USD

2024-12-21 * "Kin Soy" "Eating out with Natasha"
  Liabilities:US:Chase:Slate                       -29.47 USD
  Expenses:Food:Restaurant                          29.47 USD

2024-12-24 * "Chichipotle" "Eating out with work buddies"
  Liabilities:US:Chase:Slate                       -28.03 USD
  Expenses:Food:Restaurant                          28.03 USD

2024-12-25 * "Rose Flower" "Eating out "
  Liabilities:US:Chase:Slate                       -38.85 USD
  Expenses:Food:Restaurant                          38.85 USD

2024-12-27 * "Onion Market" "Buying groceries"
  Liabilities:US:Chase:Slate                       -87.87 USD
  Expenses:Food:Groceries                           87.87 USD

2024-12-29 * "China Garden" "Eating out with Natasha"
  Liabilities:US:Chase:Slate                       -20.85 USD
  Expenses:Food:Restaurant                          20.85 USD

2024-12-31 balance Liabilities:US:Chase:Slate    -1260.73 USD

2025-01-02 * "Jewel of Morroco" "Eating out alone"
  Liabilities:US:Chase:Slate                       -54.32 USD
  Expenses:Food:Restaurant                          54.32 USD

2025-01-02 * "Metro Transport Authority" "Tram tickets"
  Liabilities:US:Chase:Slate                      -120.00 USD
  Expenses:Transport:Tram                          120.00 USD

2025-01-04 * "Good Moods Market" "Buying groceries"
  Liabilities:US:Chase:Slate                      -113.93 USD
  Expenses:Food:Groceries                          113.93 USD

2025-01-05 * "Chichipotle" "Eating out after work"
  Liabilities:US:Chase:Slate                       -16.24 USD
  Expenses:Food:Restaurant                          16.24 USD

2025-01-06 * "Jewel of Morroco" "Eating out with Natasha"
  Liabilities:US:Chase:Slate                       -28.56 USD
  Expenses:Food:Restaurant                          28.56 USD

2025-01-10 * "Cafe Modagor" "Eating out with Julie"
  Liabilities:US:Chase:Slate                       -12.48 USD
  Expenses:Food:Restaurant                          12.48 USD

2025-01-10 * "Farmer Fresh" "Buying groceries"
  Liabilities:US:Chase:Slate                       -86.68 USD
  Expenses:Food:Groceries                           86.68 USD

2025-01-11 * "Chase:Slate" "Paying off credit card"
  Liabilities:US:Chase:Slate                       837.68 USD
  Assets:US:BofA:Checking                         -837.68 USD

2025-01-13 * "Goba Goba" "Eating out with work buddies"
  Liabilities:US:Chase:Slate                       -33.78 USD
  Expenses:Food:Restaurant                          33.78 USD

2025-01-15 * "Cafe Modagor" "Eating out with Bill"
  Liabilities:US:Chase:Slate                       -22.95 USD
  Expenses:Food:Restaurant                          22.95 USD

2025-01-19 * "Chichipotle" "Eating out after work"
  Liabilities:US:Chase:Slate                       -28.32 USD
  Expenses:Food:Restaurant                          28.32 USD

2025-01-22 * "Rose Flower" "Eating out after work"
  Liabilities:US:Chase:Slate                       -28.32 USD
  Expenses:Food:Restaurant                          28.32 USD

2025-01-25 * "Onion Market" "Buying groceries"
  Liabilities:US:Chase:Slate                      -115.59 USD
  Expenses:Food:Groceries                          115.59 USD

2025-01-27 * "Rose Flower" "Eating out after work"
  Liabilities:US:Chase:Slate                       -17.30 USD
  Expenses:Food:Restaurant                          17.30 USD

2025-01-28 balance Liabilities:US:Chase:Slate    -1101.52 USD

2025-01-29 * "Metro Transport Authority" "Tram tickets"
  Liabilities:US:Chase:Slate                      -120.00 USD
  Expenses:Transport:Tram                          120.00 USD

2025-01-30 * "Jewel of Morroco" "Eating out "
  Liabilities:US:Chase:Slate                       -57.00 USD
  Expenses:Food:Restaurant                          57.00 USD

2025-02-04 * "Chichipotle" "Eating out with Julie"
  Liabilities:US:Chase:Slate                       -35.97 USD
  Expenses:Food:Restaurant                          35.97 USD

2025-02-07 * "Chichipotle" "Eating out with Natasha"
  Liabilities:US:Chase:Slate                       -34.73 USD
  Expenses:Food:Restaurant                          34.73 USD

2025-02-07 * "Good Moods Market" "Buying groceries"
  Liabilities:US:Chase:Slate                       -48.80 USD
  Expenses:Food:Groceries                           48.80 USD

2025-02-10 * "Chichipotle" "Eating out with Bill"
  Liabilities:US:Chase:Slate                       -33.35 USD
  Expenses:Food:Restaurant                          33.35 USD

2025-02-11 * "Chase:Slate" "Paying off credit card"
  Liabilities:US:Chase:Slate                       568.85 USD
  Assets:US:BofA:Checking                         -568.85 USD

2025-02-13 * "China Garden" "Eating out with Joe"
  Liabilities:US:Chase:Slate                       -26.52 USD
  Expenses:Food:Restaurant                          26.52 USD

2025-02-16 * "Goba Goba" "Eating out after work"
  Liabilities:US:Chase:Slate                       -35.68 USD
  Expenses:Food:Restaurant                          35.68 USD

2025-02-17 * "Uncle Boons" "Eating out alone"
  Liabilities:US:Chase:Slate                       -32.08 USD
  Expenses:Food:Restaurant                          32.08 USD

2025-02-19 * "Jewel of Morroco" "Eating out after work"
  Liabilities:US:Chase:Slate                       -87.14 USD
  Expenses:Food:Restaurant                          87.14 USD

2025-02-21 * "Cafe Modagor" "Eating out alone"
  Liabilities:US:Chase:Slate                       -59.92 USD
  Expenses:Food:Restaurant                          59.92 USD

2025-02-23 balance Liabilities:US:Chase:Slate    -1103.86 USD

2025-02-26 * "Kin Soy" "Eating out after work"
  Liabilities:US:Chase:Slate                       -25.80 USD
  Expenses:Food:Restaurant                          25.80 USD

2025-02-26 * "Good Moods Market" "Buying groceries"
  Liabilities:US:Chase:Slate                       -71.99 USD
  Expenses:Food:Groceries                           71.99 USD

2025-02-28 * "Metro Transport Authority" "Tram tickets"
  Liabilities:US:Chase:Slate                      -120.00 USD
  Expenses:Transport:Tram                          120.00 USD

2025-03-02 * "Rose Flower" "Eating out after work"
  Liabilities:US:Chase:Slate                       -21.34 USD
  Expenses:Food:Restaurant                          21.34 USD

2025-03-07 * "Goba Goba" "Eating out with Bill"
  Liabilities:US:Chase:Slate                       -19.87 USD
  Expenses:Food:Restaurant                          19.87 USD

2025-03-09 * "Chase:Slate" "Paying off credit card"
  Liabilities:US:Chase:Slate                       492.03 USD
  Assets:US:BofA:Checking                         -492.03 USD

2025-03-11 * "Chichipotle" "Eating out with work buddies"
  Liabilities:US:Chase:Slate                       -18.21 USD
  Expenses:Food:Restaurant                          18.21 USD

2025-03-14 * "Farmer Fresh" "Buying groceries"
  Liabilities:US:Chase:Slate                       -93.78 USD
  Expenses:Food:Groceries                           93.78 USD

2025-03-15 * "Kin Soy" "Eating out after work"
  Liabilities:US:Chase:Slate                       -23.52 USD
  Expenses:Food:Restaurant                          23.52 USD

2025-03-18 balance Liabilities:US:Chase:Slate    -1006.34 USD

2025-03-20 * "Jewel of Morroco" "Eating out alone"
  Liabilities:US:Chase:Slate                       -56.10 USD
  Expenses:Food:Restaurant                          56.10 USD

2025-03-22 * "Chichipotle" "Eating out after work"
  Liabilities:US:Chase:Slate                       -21.45 USD
  Expenses:Food:Restaurant                          21.45 USD

2025-03-25 * "Farmer Fresh" "Buying groceries"
  Liabilities:US:Chase:Slate                       -81.18 USD
  Expenses:Food:Groceries                           81.18 USD

2025-03-27 * "Goba Goba" "Eating out with work buddies"
  Liabilities:US:Chase:Slate                       -30.38 USD
  Expenses:Food:Restaurant                          30.38 USD

2025-03-31 * "Chichipotle" "Eating out after work"
  Liabilities:US:Chase:Slate                       -13.32 USD
  Expenses:Food:Restaurant                          13.32 USD

2025-03-31 * "Metro Transport Authority" "Tram tickets"
  Liabilities:US:Chase:Slate                      -120.00 USD
  Expenses:Transport:Tram                          120.00 USD

2025-04-01 * "Kin Soy" "Eating out alone"
  Liabilities:US:Chase:Slate                       -27.20 USD
  Expenses:Food:Restaurant                          27.20 USD

2025-04-02 * "China Garden" "Eating out with Bill"
  Liabilities:US:Chase:Slate                       -27.43 USD
  Expenses:Food:Restaurant                          27.43 USD

2025-04-04 * "Chichipotle" "Eating out with Joe"
  Liabilities:US:Chase:Slate                       -26.78 USD
  Expenses:Food:Restaurant                          26.78 USD

2025-04-05 * "Kin Soy" "Eating out with work buddies"
  Liabilities:US:Chase:Slate                       -34.21 USD
  Expenses:Food:Restaurant                          34.21 USD

2025-04-06 * "Chichipotle" "Eating out with Natasha"
  Liabilities:US:Chase:Slate                       -17.44 USD
  Expenses:Food:Restaurant                          17.44 USD

2025-04-07 * "Rose Flower" "Eating out with Julie"
  Liabilities:US:Chase:Slate                       -47.91 USD
  Expenses:Food:Restaurant                          47.91 USD

2025-04-07 * "Chase:Slate" "Paying off credit card"
  Liabilities:US:Chase:Slate                       620.70 USD
  Assets:US:BofA:Checking                         -620.70 USD

2025-04-09 * "Cafe Modagor" "Eating out after work"
  Liabilities:US:Chase:Slate                       -23.64 USD
  Expenses:Food:Restaurant                          23.64 USD

2025-04-10 * "Rose Flower" "Eating out alone"
  Liabilities:US:Chase:Slate                       -59.92 USD
  Expenses:Food:Restaurant                          59.92 USD

2025-04-13 * "Onion Market" "Buying groceries"
  Liabilities:US:Chase:Slate                       -71.20 USD
  Expenses:Food:Groceries                           71.20 USD

2025-04-14 * "Uncle Boons" "Eating out with Joe"
  Liabilities:US:Chase:Slate                       -17.87 USD
  Expenses:Food:Restaurant                          17.87 USD

2025-04-16 balance Liabilities:US:Chase:Slate    -1061.67 USD

2025-04-17 * "Cafe Modagor" "Eating out after work"
  Liabilities:US:Chase:Slate                       -40.75 USD
  Expenses:Food:Restaurant                          40.75 USD

2025-04-18 * "Good Moods Market" "Buying groceries"
  Liabilities:US:Chase:Slate                      -125.02 USD
  Expenses:Food:Groceries                          125.02 USD

2025-04-19 * "Goba Goba" "Eating out "
  Liabilities:US:Chase:Slate                       -14.93 USD
  Expenses:Food:Restaurant                          14.93 USD

2025-04-23 * "Chichipotle" "Eating out with Joe"
  Liabilities:US:Chase:Slate                       -48.78 USD
  Expenses:Food:Restaurant                          48.78 USD

2025-04-26 * "China Garden" "Eating out with work buddies"
  Liabilities:US:Chase:Slate                       -11.11 USD
  Expenses:Food:Restaurant                          11.11 USD

2025-04-30 * "Farmer Fresh" "Buying groceries"
  Liabilities:US:Chase:Slate                       -81.30 USD
  Expenses:Food:Groceries                           81.30 USD

2025-05-01 * "Uncle Boons" "Eating out with Joe"
  Liabilities:US:Chase:Slate                       -20.44 USD
  Expenses:Food:Restaurant                          20.44 USD

2025-05-02 * "Metro Transport Authority" "Tram tickets"
  Liabilities:US:Chase:Slate                      -120.00 USD
  Expenses:Transport:Tram                          120.00 USD

2025-05-03 * "China Garden" "Eating out with work buddies"
  Liabilities:US:Chase:Slate                       -10.20 USD
  Expenses:Food:Restaurant                          10.20 USD

2025-05-04 * "Chichipotle" "Eating out alone"
  Liabilities:US:Chase:Slate                       -43.42 USD
  Expenses:Food:Restaurant                          43.42 USD

2025-05-07 * "China Garden" "Eating out with work buddies"
  Liabilities:US:Chase:Slate                       -57.70 USD
  Expenses:Food:Restaurant                          57.70 USD

2025-05-07 * "Chase:Slate" "Paying off credit card"
  Liabilities:US:Chase:Slate                       746.28 USD
  Assets:US:BofA:Checking                         -746.28 USD

2025-05-08 * "Goba Goba" "Eating out with work buddies"
  Liabilities:US:Chase:Slate                       -35.61 USD
  Expenses:Food:Restaurant                          35.61 USD

2025-05-11 * "Uncle Boons" "Eating out "
  Liabilities:US:Chase:Slate                       -19.88 USD
  Expenses:Food:Restaurant                          19.88 USD

2025-05-16 balance Liabilities:US:Chase:Slate     -944.53 USD

2025-05-16 * "China Garden" "Eating out "
  Liabilities:US:Chase:Slate                       -35.98 USD
  Expenses:Food:Restaurant                          35.98 USD

2025-05-17 * "Rose Flower" "Eating out with Natasha"
  Liabilities:US:Chase:Slate                       -34.56 USD
  Expenses:Food:Restaurant                          34.56 USD

2025-05-19 * "Good Moods Market" "Buying groceries"
  Liabilities:US:Chase:Slate                       -65.31 USD
  Expenses:Food:Groceries                           65.31 USD

2025-05-21 * "Rose Flower" "Eating out with Bill"
  Liabilities:US:Chase:Slate                       -18.60 USD
  Expenses:Food:Restaurant                          18.60 USD

2025-05-26 * "Cafe Modagor" "Eating out with Julie"
  Liabilities:US:Chase:Slate                       -37.40 USD
  Expenses:Food:Restaurant                          37.40 USD

2025-05-29 * "Cafe Modagor" "Eating out with Bill"
  Liabilities:US:Chase:Slate                       -28.38 USD
  Expenses:Food:Restaurant                          28.38 USD

2025-05-31 * "Metro Transport Authority" "Tram tickets"
  Liabilities:US:Chase:Slate                      -120.00 USD
  Expenses:Transport:Tram                          120.00 USD

2025-06-03 * "Kin Soy" "Eating out with Natasha"
  Liabilities:US:Chase:Slate                       -26.21 USD
  Expenses:Food:Restaurant                          26.21 USD

2025-06-04 * "Cafe Modagor" "Eating out with work buddies"
  Liabilities:US:Chase:Slate                       -41.61 USD
  Expenses:Food:Restaurant                          41.61 USD

2025-06-06 balance Liabilities:US:Chase:Slate    -1352.58 USD

2025-06-06 * "Farmer Fresh" "Buying groceries"
  Liabilities:US:Chase:Slate                       -66.89 USD
  Expenses:Food:Groceries                           66.89 USD

2025-06-07 * "Uncle Boons" "Eating out "
  Liabilities:US:Chase:Slate                       -35.94 USD
  Expenses:Food:Restaurant                          35.94 USD

2025-06-07 * "Chase:Slate" "Paying off credit card"
  Liabilities:US:Chase:Slate                       566.37 USD
  Assets:US:BofA:Checking                         -566.37 USD

2025-06-09 * "Cafe Modagor" "Eating out after work"
  Liabilities:US:Chase:Slate                       -21.58 USD
  Expenses:Food:Restaurant                          21.58 USD

2025-06-12 * "Uncle Boons" "Eating out with Bill"
  Liabilities:US:Chase:Slate                       -41.48 USD
  Expenses:Food:Restaurant                          41.48 USD

2025-06-14 * "Kin Soy" "Eating out with Bill"
  Liabilities:US:Chase:Slate                       -45.47 USD
  Expenses:Food:Restaurant                          45.47 USD

2025-06-16 * "Goba Goba" "Eating out with Natasha"
  Liabilities:US:Chase:Slate                       -31.84 USD
  Expenses:Food:Restaurant                          31.84 USD

2025-06-17 * "Cafe Modagor" "Eating out with Bill"
  Liabilities:US:Chase:Slate                       -41.35 USD
  Expenses:Food:Restaurant                          41.35 USD

2025-06-20 * "China Garden" "Eating out with Bill"
  Liabilities:US:Chase:Slate                       -35.92 USD
  Expenses:Food:Restaurant                          35.92 USD

2025-06-24 * "Corner Deli" "Buying groceries"
  Liabilities:US:Chase:Slate                       -67.53 USD
  Expenses:Food:Groceries                           67.53 USD

2025-06-25 * "Jewel of Morroco" "Eating out with Joe"
  Liabilities:US:Chase:Slate                       -33.79 USD
  Expenses:Food:Restaurant                          33.79 USD

2025-06-26 * "China Garden" "Eating out with Julie"
  Liabilities:US:Chase:Slate                       -30.55 USD
  Expenses:Food:Restaurant                          30.55 USD

2025-06-29 * "Cafe Modagor" "Eating out with work buddies"
  Liabilities:US:Chase:Slate                       -57.29 USD
  Expenses:Food:Restaurant                          57.29 USD

2025-07-01 * "Uncle Boons" "Eating out with Natasha"
  Liabilities:US:Chase:Slate                       -36.98 USD
  Expenses:Food:Restaurant                          36.98 USD

2025-07-01 * "Good Moods Market" "Buying groceries"
  Liabilities:US:Chase:Slate                       -95.17 USD
  Expenses:Food:Groceries                           95.17 USD

2025-07-02 * "Metro Transport Authority" "Tram tickets"
  Liabilities:US:Chase:Slate                      -120.00 USD
  Expenses:Transport:Tram                          120.00 USD

2025-07-03 balance Liabilities:US:Chase:Slate    -1547.99 USD

2025-07-05 event "location" "San Francisco"

2025-07-06 * "Pizza Delfina" "" #trip-san-francisco-2025
  Liabilities:US:Chase:Slate                       -17.65 USD
  Expenses:Food:Restaurant                          17.65 USD

2025-07-07 * "Mission Chinese Food" "" #trip-san-francisco-2025
  Liabilities:US:Chase:Slate                       -26.20 USD
  Expenses:Food:Restaurant                          26.20 USD

2025-07-08 * "Mission Chinese Food" "" #trip-san-francisco-2025
  Liabilities:US:Chase:Slate                       -34.15 USD
  Expenses:Food:Restaurant                          34.15 USD

2025-07-08 * "Chase:Slate" "Paying off credit card"
  Liabilities:US:Chase:Slate                       713.36 USD
  Assets:US:BofA:Checking                         -713.36 USD

2025-07-09 * "Bar Crudo" "" #trip-san-francisco-2025
  Liabilities:US:Chase:Slate                       -70.45 USD
  Expenses:Food:Restaurant                          70.45 USD

2025-07-09 * "Waterbar" "" #trip-san-francisco-2025
  Liabilities:US:Chase:Slate                       -59.46 USD
  Expenses:Food:Restaurant                          59.46 USD

2025-07-10 * "Pizza Delfina" "" #trip-san-francisco-2025
  Liabilities:US:Chase:Slate                       -20.41 USD
  Expenses:Food:Restaurant                          20.41 USD

2025-07-10 * "Mission Chinese Food" "" #trip-san-francisco-2025
  Liabilities:US:Chase:Slate                       -24.61 USD
  Expenses:Food:Restaurant                          24.61 USD

2025-07-11 * "Mission Chinese Food" "" #trip-san-francisco-2025
  Liabilities:US:Chase:Slate                       -23.34 USD
  Expenses:Food:Restaurant                          23.34 USD

2025-07-12 * "Pizza Delfina" "" #trip-san-francisco-2025
  Liabilities:US:Chase:Slate                       -17.84 USD
  Expenses:Food:Restaurant                          17.84 USD

2025-07-13 * "Bar Crudo" "" #trip-san-francisco-2025
  Liabilities:US:Chase:Slate                       -67.02 USD
  Expenses:Food:Restaurant                          67.02 USD

2025-07-13 * "Pizza Delfina" "" #trip-san-francisco-2025
  Liabilities:US:Chase:Slate                       -16.26 USD
  Expenses:Food:Restaurant                          16.26 USD

2025-07-13 * "Starbucks" "" #trip-san-francisco-2025
  Liabilities:US:Chase:Slate                        -6.57 USD
  Expenses:Food:Coffee                               6.57 USD

2025-07-14 * "Bar Crudo" "" #trip-san-francisco-2025
  Liabilities:US:Chase:Slate                       -65.53 USD
  Expenses:Food:Restaurant                          65.53 USD

2025-07-14 * "Mission Chinese Food" "" #trip-san-francisco-2025
  Liabilities:US:Chase:Slate                       -25.80 USD
  Expenses:Food:Restaurant                          25.80 USD

2025-07-14 * "Consume vacation days"
  Assets:US:Hooli:Vacation                            -72 VACHR
  Expenses:Vacation                                    72 VACHR

2025-07-14 event "location" "New Metropolis"

2025-07-16 * "Uncle Boons" "Eating out "
  Liabilities:US:Chase:Slate                       -54.41 USD
  Expenses:Food:Restaurant                          54.41 USD

2025-07-17 * "Farmer Fresh" "Buying groceries"
  Liabilities:US:Chase:Slate                       -69.24 USD
  Expenses:Food:Groceries                           69.24 USD

2025-07-18 * "Chichipotle" "Eating out with Natasha"
  Liabilities:US:Chase:Slate                       -58.79 USD
  Expenses:Food:Restaurant                          58.79 USD

2025-07-19 * "Kin Soy" "Eating out after work"
  Liabilities:US:Chase:Slate                       -19.97 USD
  Expenses:Food:Restaurant                          19.97 USD

2025-07-24 * "Cafe Modagor" "Eating out after work"
  Liabilities:US:Chase:Slate                       -25.09 USD
  Expenses:Food:Restaurant                          25.09 USD

2025-07-26 * "Goba Goba" "Eating out with Natasha"
  Liabilities:US:Chase:Slate                       -29.06 USD
  Expenses:Food:Restaurant                          29.06 USD

2025-07-27 balance Liabilities:US:Chase:Slate    -1566.48 USD

2025-07-27 * "Jewel of Morroco" "Eating out with Julie"
  Liabilities:US:Chase:Slate                       -23.67 USD
  Expenses:Food:Restaurant                          23.67 USD

2025-07-29 * "Chichipotle" "Eating out "
  Liabilities:US:Chase:Slate                       -36.27 USD
  Expenses:Food:Restaurant                          36.27 USD

2025-07-31 * "Metro Transport Authority" "Tram tickets"
  Liabilities:US:Chase:Slate                      -120.00 USD
  Expenses:Transport:Tram                          120.00 USD

2025-08-01 * "Onion Market" "Buying groceries"
  Liabilities:US:Chase:Slate                       -89.51 USD
  Expenses:Food:Groceries                           89.51 USD

2025-08-02 * "Jewel of Morroco" "Eating out "
  Liabilities:US:Chase:Slate                       -50.69 USD
  Expenses:Food:Restaurant                          50.69 USD

2025-08-04 * "Uncle Boons" "Eating out "
  Liabilities:US:Chase:Slate                       -22.09 USD
  Expenses:Food:Restaurant                          22.09 USD

2025-08-09 * "Uncle Boons" "Eating out with Joe"
  Liabilities:US:Chase:Slate                       -64.74 USD
  Expenses:Food:Restaurant                          64.74 USD

2025-08-10 * "Jewel of Morroco" "Eating out after work"
  Liabilities:US:Chase:Slate                       -19.93 USD
  Expenses:Food:Restaurant                          19.93 USD

2025-08-10 * "Chase:Slate" "Paying off credit card"
  Liabilities:US:Chase:Slate                       629.05 USD
  Assets:US:BofA:Checking                         -629.05 USD

2025-08-11 * "China Garden" "Eating out with work buddies"
  Liabilities:US:Chase:Slate                       -25.54 USD
  Expenses:Food:Restaurant                          25.54 USD

2025-08-12 * "Uncle Boons" "Eating out with Natasha"
  Liabilities:US:Chase:Slate                       -25.98 USD
  Expenses:Food:Restaurant                          25.98 USD

2025-08-14 * "China Garden" "Eating out with Bill"
  Liabilities:US:Chase:Slate                       -51.75 USD
  Expenses:Food:Restaurant                          51.75 USD

2025-08-16 * "Rose Flower" "Eating out with Joe"
  Liabilities:US:Chase:Slate                       -33.79 USD
  Expenses:Food:Restaurant                          33.79 USD

2025-08-17 balance Liabilities:US:Chase:Slate    -1501.39 USD

2025-08-17 * "Corner Deli" "Buying groceries"
  Liabilities:US:Chase:Slate                       -70.75 USD
  Expenses:Food:Groceries                           70.75 USD

2025-08-18 * "Chichipotle" "Eating out with Bill"
  Liabilities:US:Chase:Slate                       -64.01 USD
  Expenses:Food:Restaurant                          64.01 USD

2025-08-23 * "Uncle Boons" "Eating out after work"
  Liabilities:US:Chase:Slate                       -46.60 USD
  Expenses:Food:Restaurant                          46.60 USD

2025-08-24 * "Corner Deli" "Buying groceries"
  Liabilities:US:Chase:Slate                       -89.55 USD
  Expenses:Food:Groceries                           89.55 USD

2025-08-28 * "Uncle Boons" "Eating out "
  Liabilities:US:Chase:Slate                       -48.89 USD
  Expenses:Food:Restaurant                          48.89 USD

2025-08-29 * "Uncle Boons" "Eating out with Joe"
  Liabilities:US:Chase:Slate                       -22.66 USD
  Expenses:Food:Restaurant                          22.66 USD

2025-08-30 * "Metro Transport Authority" "Tram tickets"
  Liabilities:US:Chase:Slate                      -120.00 USD
  Expenses:Transport:Tram                          120.00 USD

2025-09-01 * "Farmer Fresh" "Buying groceries"
  Liabilities:US:Chase:Slate                       -50.23 USD
  Expenses:Food:Groceries                           50.23 USD

2025-09-03 * "Kin Soy" "Eating out with Joe"
  Liabilities:US:Chase:Slate                       -17.54 USD
  Expenses:Food:Restaurant                          17.54 USD

2025-09-06 balance Liabilities:US:Chase:Slate    -2031.62 USD

2025-09-08 * "Jewel of Morroco" "Eating out with Bill"
  Liabilities:US:Chase:Slate                       -29.15 USD
  Expenses:Food:Restaurant                          29.15 USD

2025-09-08 * "Chase:Slate" "Paying off credit card"
  Liabilities:US:Chase:Slate                       696.44 USD
  Assets:US:BofA:Checking                         -696.44 USD

2025-09-10 * "Jewel of Morroco" "Eating out "
  Liabilities:US:Chase:Slate                       -25.75 USD
  Expenses:Food:Restaurant                          25.75 USD

2025-09-11 * "China Garden" "Eating out "
  Liabilities:US:Chase:Slate                       -40.39 USD
  Expenses:Food:Restaurant                          40.39 USD

2025-09-16 * "China Garden" "Eating out with work buddies"
  Liabilities:US:Chase:Slate                       -28.25 USD
  Expenses:Food:Restaurant                          28.25 USD

2025-09-19 * "Good Moods Market" "Buying groceries"
  Liabilities:US:Chase:Slate                       -88.60 USD
  Expenses:Food:Groceries                           88.60 USD

2025-09-21 * "Uncle Boons" "Eating out with Julie"
  Liabilities:US:Chase:Slate                       -23.18 USD
  Expenses:Food:Restaurant                          23.18 USD

2025-09-24 * "China Garden" "Eating out "
  Liabilities:US:Chase:Slate                       -56.85 USD
  Expenses:Food:Restaurant                          56.85 USD

2025-09-27 balance Liabilities:US:Chase:Slate    -1627.35 USD

2025-09-27 * "Uncle Boons" "Eating out with Natasha"
  Liabilities:US:Chase:Slate                       -57.02 USD
  Expenses:Food:Restaurant                          57.02 USD

2025-09-29 * "Metro Transport Authority" "Tram tickets"
  Liabilities:US:Chase:Slate                      -120.00 USD
  Expenses:Transport:Tram                          120.00 USD

2025-10-02 * "China Garden" "Eating out with Bill"
  Liabilities:US:Chase:Slate                       -36.57 USD
  Expenses:Food:Restaurant                          36.57 USD

2025-10-05 * "Kin Soy" "Eating out with work buddies"
  Liabilities:US:Chase:Slate                       -46.09 USD
  Expenses:Food:Restaurant                          46.09 USD

2025-10-07 * "Chase:Slate" "Paying off credit card"
  Liabilities:US:Chase:Slate                       620.31 USD
  Assets:US:BofA:Checking                         -620.31 USD

2025-10-09 * "Good Moods Market" "Buying groceries"
  Liabilities:US:Chase:Slate                       -97.61 USD
  Expenses:Food:Groceries                           97.61 USD

2025-10-10 * "Kin Soy" "Eating out with Julie"
  Liabilities:US:Chase:Slate                       -35.14 USD
  Expenses:Food:Restaurant                          35.14 USD

2025-10-11 * "Kin Soy" "Eating out with Joe"
  Liabilities:US:Chase:Slate                       -38.59 USD
  Expenses:Food:Restaurant                          38.59 USD

2025-10-12 * "Goba Goba" "Eating out with Joe"
  Liabilities:US:Chase:Slate                       -24.24 USD
  Expenses:Food:Restaurant                          24.24 USD

2025-10-17 * "Chichipotle" "Eating out with Julie"
  Liabilities:US:Chase:Slate                       -73.13 USD
  Expenses:Food:Restaurant                          73.13 USD

2025-10-18 balance Liabilities:US:Chase:Slate    -1535.43 USD

2025-10-19 * "Farmer Fresh" "Buying groceries"
  Liabilities:US:Chase:Slate                       -79.57 USD
  Expenses:Food:Groceries                           79.57 USD

2025-10-20 * "Kin Soy" "Eating out with Joe"
  Liabilities:US:Chase:Slate                       -21.11 USD
  Expenses:Food:Restaurant                          21.11 USD

2025-10-22 * "Jewel of Morroco" "Eating out "
  Liabilities:US:Chase:Slate                       -21.10 USD
  Expenses:Food:Restaurant                          21.10 USD

2025-10-24 * "Chichipotle" "Eating out with work buddies"
  Liabilities:US:Chase:Slate                       -31.84 USD
  Expenses:Food:Restaurant                          31.84 USD

2025-10-25 * "Farmer Fresh" "Buying groceries"
  Liabilities:US:Chase:Slate                       -79.31 USD
  Expenses:Food:Groceries                           79.31 USD

2025-10-26 * "Uncle Boons" "Eating out with Bill"
  Liabilities:US:Chase:Slate                       -41.35 USD
  Expenses:Food:Restaurant                          41.35 USD

2025-10-27 * "Kin Soy" "Eating out with Bill"
  Liabilities:US:Chase:Slate                       -65.88 USD
  Expenses:Food:Restaurant                          65.88 USD

2025-10-28 * "Metro Transport Authority" "Tram tickets"
  Liabilities:US:Chase:Slate                      -120.00 USD
  Expenses:Transport:Tram                          120.00 USD

2025-11-01 * "Jewel of Morroco" "Eating out with Natasha"
  Liabilities:US:Chase:Slate                       -47.96 USD
  Expenses:Food:Restaurant                          47.96 USD

2025-11-03 * "Rose Flower" "Eating out with work buddies"
  Liabilities:US:Chase:Slate                       -56.96 USD
  Expenses:Food:Restaurant                          56.96 USD

2025-11-07 * "Uncle Boons" "Eating out with Joe"
  Liabilities:US:Chase:Slate                       -14.21 USD
  Expenses:Food:Restaurant                          14.21 USD

2025-11-09 * "Chase:Slate" "Paying off credit card"
  Liabilities:US:Chase:Slate                       792.87 USD
  Assets:US:BofA:Checking                         -792.87 USD

2025-11-10 * "Cafe Modagor" "Eating out "
  Liabilities:US:Chase:Slate                       -42.48 USD
  Expenses:Food:Restaurant                          42.48 USD

2025-11-12 * "Farmer Fresh" "Buying groceries"
  Liabilities:US:Chase:Slate                       -92.23 USD
  Expenses:Food:Groceries                           92.23 USD

2025-11-13 * "Cafe Modagor" "Eating out with work buddies"
  Liabilities:US:Chase:Slate                       -14.11 USD
  Expenses:Food:Restaurant                          14.11 USD

2025-11-16 balance Liabilities:US:Chase:Slate    -1470.67 USD

2025-11-16 * "Chichipotle" "Eating out with Bill"
  Liabilities:US:Chase:Slate                       -33.23 USD
  Expenses:Food:Restaurant                          33.23 USD

2025-11-20 * "Chichipotle" "Eating out with Julie"
  Liabilities:US:Chase:Slate                       -46.45 USD
  Expenses:Food:Restaurant                          46.45 USD

2025-11-22 * "Chichipotle" "Eating out after work"
  Liabilities:US:Chase:Slate                       -40.92 USD
  Expenses:Food:Restaurant                          40.92 USD

2025-11-22 * "Good Moods Market" "Buying groceries"
  Liabilities:US:Chase:Slate                       -94.44 USD
  Expenses:Food:Groceries                           94.44 USD

2025-11-23 * "China Garden" "Eating out "
  Liabilities:US:Chase:Slate                       -19.18 USD
  Expenses:Food:Restaurant                          19.18 USD

2025-11-24 * "Cafe Modagor" "Eating out "
  Liabilities:US:Chase:Slate                       -46.72 USD
  Expenses:Food:Restaurant                          46.72 USD

2025-11-25 * "Rose Flower" "Eating out "
  Liabilities:US:Chase:Slate                       -28.07 USD
  Expenses:Food:Restaurant                          28.07 USD

2025-11-28 * "Kin Soy" "Eating out with Natasha"
  Liabilities:US:Chase:Slate                       -38.80 USD
  Expenses:Food:Restaurant                          38.80 USD

2025-11-28 * "Metro Transport Authority" "Tram tickets"
  Liabilities:US:Chase:Slate                      -120.00 USD
  Expenses:Transport:Tram                          120.00 USD

2025-11-29 * "Rose Flower" "Eating out with Natasha"
  Liabilities:US:Chase:Slate                       -25.13 USD
  Expenses:Food:Restaurant                          25.13 USD

2025-12-03 * "Jewel of Morroco" "Eating out after work"
  Liabilities:US:Chase:Slate                       -17.29 USD
  Expenses:Food:Restaurant                          17.29 USD

2025-12-06 * "Farmer Fresh" "Buying groceries"
  Liabilities:US:Chase:Slate                       -60.75 USD
  Expenses:Food:Groceries                           60.75 USD

2025-12-07 * "Jewel of Morroco" "Eating out with Natasha"
  Liabilities:US:Chase:Slate                       -19.48 USD
  Expenses:Food:Restaurant                          19.48 USD

2025-12-07 * "Chase:Slate" "Paying off credit card"
  Liabilities:US:Chase:Slate                       696.80 USD
  Assets:US:BofA:Checking                         -696.80 USD

2025-12-10 balance Liabilities:US:Chase:Slate    -1364.33 USD

2025-12-12 * "Rose Flower" "Eating out with Joe"
  Liabilities:US:Chase:Slate                       -27.55 USD
  Expenses:Food:Restaurant                          27.55 USD

2025-12-14 * "Corner Deli" "Buying groceries"
  Liabilities:US:Chase:Slate                       -83.66 USD
  Expenses:Food:Groceries                           83.66 USD

2025-12-15 * "Jewel of Morroco" "Eating out with Julie"
  Liabilities:US:Chase:Slate                       -27.37 USD
  Expenses:Food:Restaurant                          27.37 USD

2025-12-17 * "Cafe Modagor" "Eating out with Joe"
  Liabilities:US:Chase:Slate                       -29.04 USD
  Expenses:Food:Restaurant                          29.04 USD

2025-12-20 * "Farmer Fresh" "Buying groceries"
  Liabilities:US:Chase:Slate                       -98.64 USD
  Expenses:Food:Groceries                           98.64 USD

2025-12-21 * "Kin Soy" "Eating out with Julie"
  Liabilities:US:Chase:Slate                      -105.10 USD
  Expenses:Food:Restaurant                         105.10 USD

2025-12-22 * "Kin Soy" "Eating out with Joe"
  Liabilities:US:Chase:Slate                       -37.73 USD
  Expenses:Food:Restaurant                          37.73 USD

2025-12-25 * "Metro Transport Authority" "Tram tickets"
  Liabilities:US:Chase:Slate                      -120.00 USD
  Expenses:Transport:Tram                          120.00 USD

2025-12-26 * "Goba Goba" "Eating out with work buddies"
  Liabilities:US:Chase:Slate                       -27.36 USD
  Expenses:Food:Restaurant                          27.36 USD

2025-12-28 * "China Garden" "Eating out with Julie"
  Liabilities:US:Chase:Slate                       -67.99 USD
  Expenses:Food:Restaurant                          67.99 USD

2025-12-28 * "Corner Deli" "Buying groceries"
  Liabilities:US:Chase:Slate                      -108.71 USD
  Expenses:Food:Groceries                          108.71 USD

2025-12-31 * "Rose Flower" "Eating out with Bill"
  Liabilities:US:Chase:Slate                       -30.77 USD
  Expenses:Food:Restaurant                          30.77 USD

2026-01-03 * "Farmer Fresh" "Buying groceries"
  Liabilities:US:Chase:Slate                       -77.27 USD
  Expenses:Food:Groceries                           77.27 USD

2026-01-04 * "Jewel of Morroco" "Eating out after work"
  Liabilities:US:Chase:Slate                       -31.25 USD
  Expenses:Food:Restaurant                          31.25 USD

2026-01-06 balance Liabilities:US:Chase:Slate    -2236.77 USD

2026-01-07 * "Chase:Slate" "Paying off credit card"
  Liabilities:US:Chase:Slate                       899.83 USD
  Assets:US:BofA:Checking                         -899.83 USD

2026-01-08 * "Chichipotle" "Eating out with Julie"
  Liabilities:US:Chase:Slate                       -27.39 USD
  Expenses:Food:Restaurant                          27.39 USD

2026-01-10 * "Rose Flower" "Eating out alone"
  Liabilities:US:Chase:Slate                       -18.68 USD
  Expenses:Food:Restaurant                          18.68 USD

2026-01-11 * "Corner Deli" "Buying groceries"
  Liabilities:US:Chase:Slate                       -94.12 USD
  Expenses:Food:Groceries                           94.12 USD

2026-01-14 * "Uncle Boons" "Eating out with Julie"
  Liabilities:US:Chase:Slate                       -31.41 USD
  Expenses:Food:Restaurant                          31.41 USD

2026-01-17 * "Jewel of Morroco" "Eating out with Joe"
  Liabilities:US:Chase:Slate                       -36.39 USD
  Expenses:Food:Restaurant                          36.39 USD

2026-01-18 * "Kin Soy" "Eating out "
  Liabilities:US:Chase:Slate                       -12.07 USD
  Expenses:Food:Restaurant                          12.07 USD

2026-01-20 * "Kin Soy" "Eating out with Julie"
  Liabilities:US:Chase:Slate                       -44.10 USD
  Expenses:Food:Restaurant                          44.10 USD

2026-01-21 * "Kin Soy" "Eating out alone"
  Liabilities:US:Chase:Slate                       -60.35 USD
  Expenses:Food:Restaurant                          60.35 USD

2026-01-23 * "Chichipotle" "Eating out after work"
  Liabilities:US:Chase:Slate                       -35.25 USD
  Expenses:Food:Restaurant                          35.25 USD

2026-01-26 balance Liabilities:US:Chase:Slate    -1696.70 USD

2026-01-26 * "Chichipotle" "Eating out with Natasha"
  Liabilities:US:Chase:Slate                       -21.34 USD
  Expenses:Food:Restaurant                          21.34 USD

2026-01-27 * "Metro Transport Authority" "Tram tickets"
  Liabilities:US:Chase:Slate                      -120.00 USD
  Expenses:Transport:Tram                          120.00 USD

2026-01-29 * "Good Moods Market" "Buying groceries"
  Liabilities:US:Chase:Slate                       -67.18 USD
  Expenses:Food:Groceries                           67.18 USD

2026-01-30 * "China Garden" "Eating out after work"
  Liabilities:US:Chase:Slate                       -39.21 USD
  Expenses:Food:Restaurant                          39.21 USD

2026-02-03 * "Uncle Boons" "Eating out with Bill"
  Liabilities:US:Chase:Slate                       -32.80 USD
  Expenses:Food:Restaurant                          32.80 USD

2026-02-04 * "Good Moods Market" "Buying groceries"
  Liabilities:US:Chase:Slate                       -85.58 USD
  Expenses:Food:Groceries                           85.58 USD

2026-02-05 * "Chichipotle" "Eating out after work"
  Liabilities:US:Chase:Slate                       -24.79 USD
  Expenses:Food:Restaurant                          24.79 USD

2026-02-08 * "Chichipotle" "Eating out "
  Liabilities:US:Chase:Slate                       -42.92 USD
  Expenses:Food:Restaurant                          42.92 USD

2026-02-10 * "Chichipotle" "Eating out with Bill"
  Liabilities:US:Chase:Slate                       -38.52 USD
  Expenses:Food:Restaurant                          38.52 USD

2026-02-10 * "Chase:Slate" "Paying off credit card"
  Liabilities:US:Chase:Slate                       804.71 USD
  Assets:US:BofA:Checking                         -804.71 USD

2026-02-15 * "Rose Flower" "Eating out with Joe"
  Liabilities:US:Chase:Slate                       -33.27 USD
  Expenses:Food:Restaurant                          33.27 USD

2026-02-19 * "Goba Goba" "Eating out with Joe"
  Liabilities:US:Chase:Slate                       -15.16 USD
  Expenses:Food:Restaurant                          15.16 USD

2026-02-19 * "Corner Deli" "Buying groceries"
  Liabilities:US:Chase:Slate                      -108.51 USD
  Expenses:Food:Groceries                          108.51 USD

2026-02-21 * "Chichipotle" "Eating out "
  Liabilities:US:Chase:Slate                       -30.19 USD
  Expenses:Food:Restaurant                          30.19 USD

2026-02-22 balance Liabilities:US:Chase:Slate    -1551.46 USD

2026-02-22 * "Cafe Modagor" "Eating out with Natasha"
  Liabilities:US:Chase:Slate                       -56.02 USD
  Expenses:Food:Restaurant                          56.02 USD

2026-02-27 * "Uncle Boons" "Eating out after work"
  Liabilities:US:Chase:Slate                       -22.18 USD
  Expenses:Food:Restaurant                          22.18 USD

2026-02-27 * "Good Moods Market" "Buying groceries"
  Liabilities:US:Chase:Slate                       -76.69 USD
  Expenses:Food:Groceries                           76.69 USD

2026-03-01 * "Metro Transport Authority" "Tram tickets"
  Liabilities:US:Chase:Slate                      -120.00 USD
  Expenses:Transport:Tram                          120.00 USD

2026-03-02 * "Chichipotle" "Eating out with Julie"
  Liabilities:US:Chase:Slate                       -37.49 USD
  Expenses:Food:Restaurant                          37.49 USD

2026-03-04 * "Rose Flower" "Eating out with Natasha"
  Liabilities:US:Chase:Slate                       -13.36 USD
  Expenses:Food:Restaurant                          13.36 USD

2026-03-08 * "Rose Flower" "Eating out with Bill"
  Liabilities:US:Chase:Slate                       -24.86 USD
  Expenses:Food:Restaurant                          24.86 USD

2026-03-08 * "Farmer Fresh" "Buying groceries"
  Liabilities:US:Chase:Slate                       -54.14 USD
  Expenses:Food:Groceries                           54.14 USD

2026-03-09 * "Cafe Modagor" "Eating out with Joe"
  Liabilities:US:Chase:Slate                       -29.99 USD
  Expenses:Food:Restaurant                          29.99 USD

2026-03-11 * "Cafe Modagor" "Eating out with work buddies"
  Liabilities:US:Chase:Slate                       -50.16 USD
  Expenses:Food:Restaurant                          50.16 USD

2026-03-16 balance Liabilities:US:Chase:Slate    -2036.35 USD

2026-03-16 * "Rose Flower" "Eating out with Julie"
  Liabilities:US:Chase:Slate                       -31.40 USD
  Expenses:Food:Restaurant                          31.40 USD



* Taxable Investments

2024-01-01 open Assets:US:ETrade:Cash                       USD
2024-01-01 open Assets:US:ETrade:ITOT                       ITOT
2024-01-01 open Assets:US:ETrade:VEA                       VEA
2024-01-01 open Assets:US:ETrade:VHT                       VHT
2024-01-01 open Assets:US:ETrade:GLD                       GLD
2024-01-01 open Income:US:ETrade:PnL                        USD
2024-01-01 open Income:US:ETrade:ITOT:Dividend              USD
2024-01-01 open Income:US:ETrade:VEA:Dividend              USD
2024-01-01 open Income:US:ETrade:VHT:Dividend              USD
2024-01-01 open Income:US:ETrade:GLD:Dividend              USD

2024-09-17 * "Dividends on portfolio"
  Assets:US:ETrade:Cash                              0.00 USD
  Income:US:ETrade:VHT:Dividend                      0.00 USD

2024-09-21 * "Buy shares of VEA"
  Assets:US:ETrade:Cash                          -1340.95 USD
  Assets:US:ETrade:VEA                                 10 VEA {133.20 USD, 2024-09-21}
  Expenses:Financial:Commissions                     8.95 USD

2024-09-21 * "Buy shares of VHT"
  Assets:US:ETrade:Cash                          -1404.12 USD
  Assets:US:ETrade:VHT                                  7 VHT {199.31 USD, 2024-09-21}
  Expenses:Financial:Commissions                     8.95 USD

2024-09-21 * "Buy shares of ITOT"
  Assets:US:ETrade:Cash                          -1366.20 USD
  Assets:US:ETrade:ITOT                                25 ITOT {54.29 USD, 2024-09-21}
  Expenses:Financial:Commissions                     8.95 USD

2024-11-08 * "Buy shares of ITOT"
  Assets:US:ETrade:Cash                           -856.30 USD
  Assets:US:ETrade:ITOT                                15 ITOT {56.49 USD, 2024-11-08}
  Expenses:Financial:Commissions                     8.95 USD

2024-11-08 * "Buy shares of GLD"
  Assets:US:ETrade:Cash                           -844.75 USD
  Assets:US:ETrade:GLD                                 10 GLD {83.58 USD, 2024-11-08}
  Expenses:Financial:Commissions                     8.95 USD

2024-11-08 * "Buy shares of VEA"
  Assets:US:ETrade:Cash                           -806.95 USD
  Assets:US:ETrade:VEA                                  6 VEA {133.00 USD, 2024-11-08}
  Expenses:Financial:Commissions                     8.95 USD

2024-11-08 * "Buy shares of VHT"
  Assets:US:ETrade:Cash                           -832.79 USD
  Assets:US:ETrade:VHT                                  4 VHT {205.96 USD, 2024-11-08}
  Expenses:Financial:Commissions                     8.95 USD

2024-12-17 * "Dividends on portfolio"
  Assets:US:ETrade:Cash                             29.56 USD
  Income:US:ETrade:GLD:Dividend                    -29.56 USD

2025-01-03 * "Sell shares of GLD"
  Assets:US:ETrade:GLD                                -10 GLD {83.58 USD, 2024-11-08} @ 89.00 USD
  Assets:US:ETrade:Cash                            881.05 USD
  Expenses:Financial:Commissions                     8.95 USD
  Income:US:ETrade:PnL                             -54.20 USD

2025-01-04 * "Buy shares of GLD"
  Assets:US:ETrade:Cash                           -275.95 USD
  Assets:US:ETrade:GLD                                  3 GLD {89.00 USD, 2025-01-04}
  Expenses:Financial:Commissions                     8.95 USD

2025-01-04 * "Buy shares of VHT"
  Assets:US:ETrade:Cash                           -212.28 USD
  Assets:US:ETrade:VHT                                  1 VHT {203.33 USD, 2025-01-04}
  Expenses:Financial:Commissions                     8.95 USD

2025-01-04 * "Buy shares of ITOT"
  Assets:US:ETrade:Cash                           -288.00 USD
  Assets:US:ETrade:ITOT                                 5 ITOT {55.81 USD, 2025-01-04}
  Expenses:Financial:Commissions                     8.95 USD

2025-01-04 * "Buy shares of VEA"
  Assets:US:ETrade:Cash                           -282.89 USD
  Assets:US:ETrade:VEA                                  2 VEA {136.97 USD, 2025-01-04}
  Expenses:Financial:Commissions                     8.95 USD

2025-03-16 * "Sell shares of ITOT"
  Assets:US:ETrade:ITOT                               -15 ITOT {56.49 USD, 2024-11-08} @ 54.67 USD
  Assets:US:ETrade:Cash                            811.10 USD
  Expenses:Financial:Commissions                     8.95 USD
  Income:US:ETrade:PnL                              27.30 USD

2025-03-18 * "Dividends on portfolio"
  Assets:US:ETrade:Cash                             33.65 USD
  Income:US:ETrade:GLD:Dividend                    -33.65 USD

2025-03-21 * "Buy shares of VHT"
  Assets:US:ETrade:Cash                           -431.57 USD
  Assets:US:ETrade:VHT                                  2 VHT {211.31 USD, 2025-03-21}
  Expenses:Financial:Commissions                     8.95 USD

2025-03-21 * "Buy shares of VEA"
  Assets:US:ETrade:Cash                           -453.79 USD
  Assets:US:ETrade:VEA                                  3 VEA {148.28 USD, 2025-03-21}
  Expenses:Financial:Commissions                     8.95 USD

2025-03-26 * "Sell shares of VEA"
  Assets:US:ETrade:VEA                                -10 VEA {133.20 USD, 2024-09-21} @ 148.28 USD
  Assets:US:ETrade:Cash                           1473.85 USD
  Expenses:Financial:Commissions                     8.95 USD
  Income:US:ETrade:PnL                            -150.80 USD

2025-04-17 * "Buy shares of ITOT"
  Assets:US:ETrade:Cash                           -396.82 USD
  Assets:US:ETrade:ITOT                                 7 ITOT {55.41 USD, 2025-04-17}
  Expenses:Financial:Commissions                     8.95 USD

2025-04-17 * "Buy shares of VEA"
  Assets:US:ETrade:Cash                           -311.23 USD
  Assets:US:ETrade:VEA                                  2 VEA {151.14 USD, 2025-04-17}
  Expenses:Financial:Commissions                     8.95 USD

2025-04-17 * "Buy shares of GLD"
  Assets:US:ETrade:Cash                           -363.23 USD
  Assets:US:ETrade:GLD                                  4 GLD {88.57 USD, 2025-04-17}
  Expenses:Financial:Commissions                     8.95 USD

2025-04-17 * "Buy shares of VHT"
  Assets:US:ETrade:Cash                           -221.02 USD
  Assets:US:ETrade:VHT                                  1 VHT {212.07 USD, 2025-04-17}
  Expenses:Financial:Commissions                     8.95 USD

2025-05-15 * "Sell shares of VEA"
  Assets:US:ETrade:VEA                                 -6 VEA {133.00 USD, 2024-11-08} @ 152.31 USD
  Assets:US:ETrade:Cash                            904.91 USD
  Expenses:Financial:Commissions                     8.95 USD
  Income:US:ETrade:PnL                            -115.86 USD

2025-05-18 * "Buy shares of ITOT"
  Assets:US:ETrade:Cash                           -400.60 USD
  Assets:US:ETrade:ITOT                                 7 ITOT {55.95 USD, 2025-05-18}
  Expenses:Financial:Commissions                     8.95 USD

2025-05-18 * "Buy shares of VHT"
  Assets:US:ETrade:Cash                           -214.41 USD
  Assets:US:ETrade:VHT                                  1 VHT {205.46 USD, 2025-05-18}
  Expenses:Financial:Commissions                     8.95 USD

2025-05-18 * "Buy shares of VEA"
  Assets:US:ETrade:Cash                           -314.47 USD
  Assets:US:ETrade:VEA                                  2 VEA {152.76 USD, 2025-05-18}
  Expenses:Financial:Commissions                     8.95 USD

2025-06-18 * "Dividends on portfolio"
  Assets:US:ETrade:Cash                             45.76 USD
  Income:US:ETrade:GLD:Dividend                    -45.76 USD

2025-09-07 * "Sell shares of GLD"
  Assets:US:ETrade:GLD                                 -4 GLD {88.57 USD, 2025-04-17} @ 81.18 USD
  Assets:US:ETrade:Cash                            315.77 USD
  Expenses:Financial:Commissions                     8.95 USD
  Income:US:ETrade:PnL                              29.56 USD

2025-09-17 * "Sell shares of ITOT"
  Assets:US:ETrade:ITOT                               -25 ITOT {54.29 USD, 2024-09-21} @ 58.86 USD
  Assets:US:ETrade:Cash                           1462.55 USD
  Expenses:Financial:Commissions                     8.95 USD
  Income:US:ETrade:PnL                            -114.25 USD

2025-09-18 * "Dividends on portfolio"
  Assets:US:ETrade:Cash                             45.76 USD
  Income:US:ETrade:VHT:Dividend                    -45.76 USD

2025-09-19 * "Buy shares of ITOT"
  Assets:US:ETrade:Cash                          -6170.41 USD
  Assets:US:ETrade:ITOT                               103 ITOT {59.82 USD, 2025-09-19}
  Expenses:Financial:Commissions                     8.95 USD

2025-11-24 * "Buy shares of VHT"
  Assets:US:ETrade:Cash                          -1487.42 USD
  Assets:US:ETrade:VHT                                  7 VHT {211.21 USD, 2025-11-24}
  Expenses:Financial:Commissions                     8.95 USD

2025-11-24 * "Buy shares of ITOT"
  Assets:US:ETrade:Cash                          -1479.43 USD
  Assets:US:ETrade:ITOT                                24 ITOT {61.27 USD, 2025-11-24}
  Expenses:Financial:Commissions                     8.95 USD

2025-11-24 * "Buy shares of VEA"
  Assets:US:ETrade:Cash                          -1377.11 USD
  Assets:US:ETrade:VEA                                  8 VEA {171.02 USD, 2025-11-24}
  Expenses:Financial:Commissions                     8.95 USD

2025-12-17 * "Dividends on portfolio"
  Assets:US:ETrade:Cash                             87.67 USD
  Income:US:ETrade:VEA:Dividend                    -87.67 USD

2026-02-14 * "Buy shares of ITOT"
  Assets:US:ETrade:Cash                          -3175.70 USD
  Assets:US:ETrade:ITOT                                53 ITOT {59.75 USD, 2026-02-14}
  Expenses:Financial:Commissions                     8.95 USD

2026-03-18 * "Dividends on portfolio"
  Assets:US:ETrade:Cash                            100.34 USD
  Income:US:ETrade:ITOT:Dividend                  -100.34 USD



* Vanguard Investments

2024-01-01 open Assets:US:Vanguard:VBMPX                     VBMPX
  number: "882882"
2024-01-01 open Assets:US:Vanguard:RGAGX                     RGAGX
  number: "882882"
2024-01-01 open Assets:US:Vanguard                            USD
  institution: "Vanguard Group"
  address: "P.O. Box 1110, Valley Forge, PA 19482-1110"
  phone: "+1.800.523.1188"
2024-01-01 open Income:US:Hooli:Match401k                   USD
2024-01-01 open Assets:US:Vanguard:Cash                       USD
  number: "882882"

2024-01-05 * "Employer match for contribution"
  Assets:US:Vanguard:Cash                          600.00 USD
  Income:US:Hooli:Match401k                       -600.00 USD

2024-01-08 * "Investing 40% of cash in VBMPX"
  Assets:US:Vanguard:VBMPX                          9.001 VBMPX {53.33 USD, 2024-01-08}
  Assets:US:Vanguard:Cash                         -480.02 USD

2024-01-08 * "Investing 60% of cash in RGAGX"
  Assets:US:Vanguard:RGAGX                          4.153 RGAGX {173.36 USD, 2024-01-08}
  Assets:US:Vanguard:Cash                         -719.96 USD

2024-01-08 * "Investing 40% of cash in VBMPX"
  Assets:US:Vanguard:VBMPX                          4.500 VBMPX {53.33 USD, 2024-01-08}
  Assets:US:Vanguard:Cash                         -239.98 USD

2024-01-08 * "Investing 60% of cash in RGAGX"
  Assets:US:Vanguard:RGAGX                          2.077 RGAGX {173.36 USD, 2024-01-08}
  Assets:US:Vanguard:Cash                         -360.07 USD

2024-01-19 * "Employer match for contribution"
  Assets:US:Vanguard:Cash                          600.00 USD
  Income:US:Hooli:Match401k                       -600.00 USD

2024-01-22 * "Investing 40% of cash in VBMPX"
  Assets:US:Vanguard:VBMPX                          9.055 VBMPX {53.01 USD, 2024-01-22}
  Assets:US:Vanguard:Cash                         -480.01 USD

2024-01-22 * "Investing 60% of cash in RGAGX"
  Assets:US:Vanguard:RGAGX                          4.077 RGAGX {176.60 USD, 2024-01-22}
  Assets:US:Vanguard:Cash                         -720.00 USD

2024-01-22 * "Investing 40% of cash in VBMPX"
  Assets:US:Vanguard:VBMPX                          4.527 VBMPX {53.01 USD, 2024-01-22}
  Assets:US:Vanguard:Cash                         -239.98 USD

2024-01-22 * "Investing 60% of cash in RGAGX"
  Assets:US:Vanguard:RGAGX                          2.038 RGAGX {176.60 USD, 2024-01-22}
  Assets:US:Vanguard:Cash                         -359.91 USD

2024-02-02 * "Employer match for contribution"
  Assets:US:Vanguard:Cash                          600.00 USD
  Income:US:Hooli:Match401k                       -600.00 USD

2024-02-05 * "Investing 40% of cash in VBMPX"
  Assets:US:Vanguard:VBMPX                          9.090 VBMPX {52.81 USD, 2024-02-05}
  Assets:US:Vanguard:Cash                         -480.04 USD

2024-02-05 * "Investing 60% of cash in RGAGX"
  Assets:US:Vanguard:RGAGX                          4.062 RGAGX {177.26 USD, 2024-02-05}
  Assets:US:Vanguard:Cash                         -720.03 USD

2024-02-05 * "Investing 40% of cash in VBMPX"
  Assets:US:Vanguard:VBMPX                          4.545 VBMPX {52.81 USD, 2024-02-05}
  Assets:US:Vanguard:Cash                         -240.02 USD

2024-02-05 * "Investing 60% of cash in RGAGX"
  Assets:US:Vanguard:RGAGX                          2.031 RGAGX {177.26 USD, 2024-02-05}
  Assets:US:Vanguard:Cash                         -360.02 USD

2024-02-16 * "Employer match for contribution"
  Assets:US:Vanguard:Cash                          600.00 USD
  Income:US:Hooli:Match401k                       -600.00 USD

2024-02-19 * "Investing 40% of cash in VBMPX"
  Assets:US:Vanguard:VBMPX                          9.148 VBMPX {52.47 USD, 2024-02-19}
  Assets:US:Vanguard:Cash                         -480.00 USD

2024-02-19 * "Investing 60% of cash in RGAGX"
  Assets:US:Vanguard:RGAGX                          4.029 RGAGX {178.70 USD, 2024-02-19}
  Assets:US:Vanguard:Cash                         -719.98 USD

2024-02-19 * "Investing 40% of cash in VBMPX"
  Assets:US:Vanguard:VBMPX                          4.574 VBMPX {52.47 USD, 2024-02-19}
  Assets:US:Vanguard:Cash                         -240.00 USD

2024-02-19 * "Investing 60% of cash in RGAGX"
  Assets:US:Vanguard:RGAGX                          2.014 RGAGX {178.70 USD, 2024-02-19}
  Assets:US:Vanguard:Cash                         -359.90 USD

2024-03-01 * "Employer match for contribution"
  Assets:US:Vanguard:Cash                          600.00 USD
  Income:US:Hooli:Match401k                       -600.00 USD

2024-03-04 * "Investing 40% of cash in VBMPX"
  Assets:US:Vanguard:VBMPX                          9.233 VBMPX {51.99 USD, 2024-03-04}
  Assets:US:Vanguard:Cash                         -480.02 USD

2024-03-04 * "Investing 60% of cash in RGAGX"
  Assets:US:Vanguard:RGAGX                          3.983 RGAGX {180.79 USD, 2024-03-04}
  Assets:US:Vanguard:Cash                         -720.09 USD

2024-03-04 * "Investing 40% of cash in VBMPX"
  Assets:US:Vanguard:VBMPX                          4.616 VBMPX {51.99 USD, 2024-03-04}
  Assets:US:Vanguard:Cash                         -239.99 USD

2024-03-04 * "Investing 60% of cash in RGAGX"
  Assets:US:Vanguard:RGAGX                          1.991 RGAGX {180.79 USD, 2024-03-04}
  Assets:US:Vanguard:Cash                         -359.95 USD

2024-03-15 * "Employer match for contribution"
  Assets:US:Vanguard:Cash                          600.00 USD
  Income:US:Hooli:Match401k                       -600.00 USD

2024-03-18 * "Investing 40% of cash in VBMPX"
  Assets:US:Vanguard:VBMPX                          8.894 VBMPX {53.97 USD, 2024-03-18}
  Assets:US:Vanguard:Cash                         -480.01 USD

2024-03-18 * "Investing 60% of cash in RGAGX"
  Assets:US:Vanguard:RGAGX                          4.153 RGAGX {173.38 USD, 2024-03-18}
  Assets:US:Vanguard:Cash                         -720.05 USD

2024-03-18 * "Investing 40% of cash in VBMPX"
  Assets:US:Vanguard:VBMPX                          4.447 VBMPX {53.97 USD, 2024-03-18}
  Assets:US:Vanguard:Cash                         -240.00 USD

2024-03-18 * "Investing 60% of cash in RGAGX"
  Assets:US:Vanguard:RGAGX                          2.076 RGAGX {173.38 USD, 2024-03-18}
  Assets:US:Vanguard:Cash                         -359.94 USD

2024-03-29 * "Employer match for contribution"
  Assets:US:Vanguard:Cash                          600.00 USD
  Income:US:Hooli:Match401k                       -600.00 USD

2024-04-01 * "Investing 40% of cash in VBMPX"
  Assets:US:Vanguard:VBMPX                          8.779 VBMPX {54.68 USD, 2024-04-01}
  Assets:US:Vanguard:Cash                         -480.04 USD

2024-04-01 * "Investing 60% of cash in RGAGX"
  Assets:US:Vanguard:RGAGX                          4.060 RGAGX {177.35 USD, 2024-04-01}
  Assets:US:Vanguard:Cash                         -720.04 USD

2024-04-01 * "Investing 40% of cash in VBMPX"
  Assets:US:Vanguard:VBMPX                          4.389 VBMPX {54.68 USD, 2024-04-01}
  Assets:US:Vanguard:Cash                         -239.99 USD

2024-04-01 * "Investing 60% of cash in RGAGX"
  Assets:US:Vanguard:RGAGX                          2.030 RGAGX {177.35 USD, 2024-04-01}
  Assets:US:Vanguard:Cash                         -360.02 USD

2024-04-12 * "Employer match for contribution"
  Assets:US:Vanguard:Cash                          600.00 USD
  Income:US:Hooli:Match401k                       -600.00 USD

2024-04-15 * "Investing 40% of cash in VBMPX"
  Assets:US:Vanguard:VBMPX                          9.082 VBMPX {52.85 USD, 2024-04-15}
  Assets:US:Vanguard:Cash                         -479.98 USD

2024-04-15 * "Investing 60% of cash in RGAGX"
  Assets:US:Vanguard:RGAGX                          4.149 RGAGX {173.52 USD, 2024-04-15}
  Assets:US:Vanguard:Cash                         -719.93 USD

2024-04-15 * "Investing 40% of cash in VBMPX"
  Assets:US:Vanguard:VBMPX                          4.541 VBMPX {52.85 USD, 2024-04-15}
  Assets:US:Vanguard:Cash                         -239.99 USD

2024-04-15 * "Investing 60% of cash in RGAGX"
  Assets:US:Vanguard:RGAGX                          2.075 RGAGX {173.52 USD, 2024-04-15}
  Assets:US:Vanguard:Cash                         -360.05 USD

2024-04-26 * "Employer match for contribution"
  Assets:US:Vanguard:Cash                          600.00 USD
  Income:US:Hooli:Match401k                       -600.00 USD

2024-04-29 * "Investing 40% of cash in VBMPX"
  Assets:US:Vanguard:VBMPX                          9.022 VBMPX {53.20 USD, 2024-04-29}
  Assets:US:Vanguard:Cash                         -479.97 USD

2024-04-29 * "Investing 60% of cash in RGAGX"
  Assets:US:Vanguard:RGAGX                          4.179 RGAGX {172.30 USD, 2024-04-29}
  Assets:US:Vanguard:Cash                         -720.04 USD

2024-04-29 * "Investing 40% of cash in VBMPX"
  Assets:US:Vanguard:VBMPX                          4.511 VBMPX {53.20 USD, 2024-04-29}
  Assets:US:Vanguard:Cash                         -239.99 USD

2024-04-29 * "Investing 60% of cash in RGAGX"
  Assets:US:Vanguard:RGAGX                          2.089 RGAGX {172.30 USD, 2024-04-29}
  Assets:US:Vanguard:Cash                         -359.93 USD

2024-05-10 * "Employer match for contribution"
  Assets:US:Vanguard:Cash                          600.00 USD
  Income:US:Hooli:Match401k                       -600.00 USD

2024-05-13 * "Investing 40% of cash in VBMPX"
  Assets:US:Vanguard:VBMPX                          8.609 VBMPX {55.76 USD, 2024-05-13}
  Assets:US:Vanguard:Cash                         -480.04 USD

2024-05-13 * "Investing 60% of cash in RGAGX"
  Assets:US:Vanguard:RGAGX                          4.088 RGAGX {176.13 USD, 2024-05-13}
  Assets:US:Vanguard:Cash                         -720.02 USD

2024-05-13 * "Investing 40% of cash in VBMPX"
  Assets:US:Vanguard:VBMPX                          4.304 VBMPX {55.76 USD, 2024-05-13}
  Assets:US:Vanguard:Cash                         -239.99 USD

2024-05-13 * "Investing 60% of cash in RGAGX"
  Assets:US:Vanguard:RGAGX                          2.044 RGAGX {176.13 USD, 2024-05-13}
  Assets:US:Vanguard:Cash                         -360.01 USD

2024-05-24 * "Employer match for contribution"
  Assets:US:Vanguard:Cash                          600.00 USD
  Income:US:Hooli:Match401k                       -600.00 USD

2024-05-27 * "Investing 40% of cash in VBMPX"
  Assets:US:Vanguard:VBMPX                          8.871 VBMPX {54.11 USD, 2024-05-27}
  Assets:US:Vanguard:Cash                         -480.01 USD

2024-05-27 * "Investing 60% of cash in RGAGX"
  Assets:US:Vanguard:RGAGX                          4.046 RGAGX {177.96 USD, 2024-05-27}
  Assets:US:Vanguard:Cash                         -720.03 USD

2024-05-27 * "Investing 40% of cash in VBMPX"
  Assets:US:Vanguard:VBMPX                          4.435 VBMPX {54.11 USD, 2024-05-27}
  Assets:US:Vanguard:Cash                         -239.98 USD

2024-05-27 * "Investing 60% of cash in RGAGX"
  Assets:US:Vanguard:RGAGX                          2.023 RGAGX {177.96 USD, 2024-05-27}
  Assets:US:Vanguard:Cash                         -360.01 USD

2024-06-07 * "Employer match for contribution"
  Assets:US:Vanguard:Cash                          600.00 USD
  Income:US:Hooli:Match401k                       -600.00 USD

2024-06-10 * "Investing 40% of cash in VBMPX"
  Assets:US:Vanguard:VBMPX                          8.725 VBMPX {55.01 USD, 2024-06-10}
  Assets:US:Vanguard:Cash                         -479.96 USD

2024-06-10 * "Investing 60% of cash in RGAGX"
  Assets:US:Vanguard:RGAGX                          3.873 RGAGX {185.92 USD, 2024-06-10}
  Assets:US:Vanguard:Cash                         -720.07 USD

2024-06-10 * "Investing 40% of cash in VBMPX"
  Assets:US:Vanguard:VBMPX                          4.362 VBMPX {55.01 USD, 2024-06-10}
  Assets:US:Vanguard:Cash                         -239.95 USD

2024-06-10 * "Investing 60% of cash in RGAGX"
  Assets:US:Vanguard:RGAGX                          1.936 RGAGX {185.92 USD, 2024-06-10}
  Assets:US:Vanguard:Cash                         -359.94 USD

2024-06-21 * "Employer match for contribution"
  Assets:US:Vanguard:Cash                          600.00 USD
  Income:US:Hooli:Match401k                       -600.00 USD

2024-06-24 * "Investing 40% of cash in VBMPX"
  Assets:US:Vanguard:VBMPX                          8.538 VBMPX {56.22 USD, 2024-06-24}
  Assets:US:Vanguard:Cash                         -480.01 USD

2024-06-24 * "Investing 60% of cash in RGAGX"
  Assets:US:Vanguard:RGAGX                          3.827 RGAGX {188.13 USD, 2024-06-24}
  Assets:US:Vanguard:Cash                         -719.97 USD

2024-06-24 * "Investing 40% of cash in VBMPX"
  Assets:US:Vanguard:VBMPX                          4.269 VBMPX {56.22 USD, 2024-06-24}
  Assets:US:Vanguard:Cash                         -240.00 USD

2024-06-24 * "Investing 60% of cash in RGAGX"
  Assets:US:Vanguard:RGAGX                          1.914 RGAGX {188.13 USD, 2024-06-24}
  Assets:US:Vanguard:Cash                         -360.08 USD

2024-07-05 * "Employer match for contribution"
  Assets:US:Vanguard:Cash                          600.00 USD
  Income:US:Hooli:Match401k                       -600.00 USD

2024-07-08 * "Investing 40% of cash in VBMPX"
  Assets:US:Vanguard:VBMPX                          7.951 VBMPX {60.37 USD, 2024-07-08}
  Assets:US:Vanguard:Cash                         -480.00 USD

2024-07-08 * "Investing 60% of cash in RGAGX"
  Assets:US:Vanguard:RGAGX                          3.828 RGAGX {188.09 USD, 2024-07-08}
  Assets:US:Vanguard:Cash                         -720.01 USD

2024-07-08 * "Investing 40% of cash in VBMPX"
  Assets:US:Vanguard:VBMPX                          3.975 VBMPX {60.37 USD, 2024-07-08}
  Assets:US:Vanguard:Cash                         -239.97 USD

2024-07-08 * "Investing 60% of cash in RGAGX"
  Assets:US:Vanguard:RGAGX                          1.914 RGAGX {188.09 USD, 2024-07-08}
  Assets:US:Vanguard:Cash                         -360.00 USD

2024-07-19 * "Employer match for contribution"
  Assets:US:Vanguard:Cash                          600.00 USD
  Income:US:Hooli:Match401k                       -600.00 USD

2024-07-22 * "Investing 40% of cash in VBMPX"
  Assets:US:Vanguard:VBMPX                          8.024 VBMPX {59.82 USD, 2024-07-22}
  Assets:US:Vanguard:Cash                         -480.00 USD

2024-07-22 * "Investing 60% of cash in RGAGX"
  Assets:US:Vanguard:RGAGX                          3.755 RGAGX {191.76 USD, 2024-07-22}
  Assets:US:Vanguard:Cash                         -720.06 USD

2024-07-22 * "Investing 40% of cash in VBMPX"
  Assets:US:Vanguard:VBMPX                          4.012 VBMPX {59.82 USD, 2024-07-22}
  Assets:US:Vanguard:Cash                         -240.00 USD

2024-07-22 * "Investing 60% of cash in RGAGX"
  Assets:US:Vanguard:RGAGX                          1.877 RGAGX {191.76 USD, 2024-07-22}
  Assets:US:Vanguard:Cash                         -359.93 USD

2024-08-02 * "Employer match for contribution"
  Assets:US:Vanguard:Cash                          250.00 USD
  Income:US:Hooli:Match401k                       -250.00 USD

2024-08-05 * "Investing 40% of cash in VBMPX"
  Assets:US:Vanguard:VBMPX                          3.455 VBMPX {57.89 USD, 2024-08-05}
  Assets:US:Vanguard:Cash                         -200.01 USD

2024-08-05 * "Investing 60% of cash in RGAGX"
  Assets:US:Vanguard:RGAGX                          1.525 RGAGX {196.77 USD, 2024-08-05}
  Assets:US:Vanguard:Cash                         -300.07 USD

2024-08-05 * "Investing 40% of cash in VBMPX"
  Assets:US:Vanguard:VBMPX                          1.727 VBMPX {57.89 USD, 2024-08-05}
  Assets:US:Vanguard:Cash                          -99.98 USD

2024-08-05 * "Investing 60% of cash in RGAGX"
  Assets:US:Vanguard:RGAGX                          0.762 RGAGX {196.77 USD, 2024-08-05}
  Assets:US:Vanguard:Cash                         -149.94 USD

2025-01-03 * "Employer match for contribution"
  Assets:US:Vanguard:Cash                          600.00 USD
  Income:US:Hooli:Match401k                       -600.00 USD

2025-01-06 * "Investing 40% of cash in VBMPX"
  Assets:US:Vanguard:VBMPX                          8.242 VBMPX {58.24 USD, 2025-01-06}
  Assets:US:Vanguard:Cash                         -480.01 USD

2025-01-06 * "Investing 60% of cash in RGAGX"
  Assets:US:Vanguard:RGAGX                          3.715 RGAGX {193.80 USD, 2025-01-06}
  Assets:US:Vanguard:Cash                         -719.97 USD

2025-01-06 * "Investing 40% of cash in VBMPX"
  Assets:US:Vanguard:VBMPX                          4.121 VBMPX {58.24 USD, 2025-01-06}
  Assets:US:Vanguard:Cash                         -240.01 USD

2025-01-06 * "Investing 60% of cash in RGAGX"
  Assets:US:Vanguard:RGAGX                          1.858 RGAGX {193.80 USD, 2025-01-06}
  Assets:US:Vanguard:Cash                         -360.08 USD

2025-01-17 * "Employer match for contribution"
  Assets:US:Vanguard:Cash                          600.00 USD
  Income:US:Hooli:Match401k                       -600.00 USD

2025-01-20 * "Investing 40% of cash in VBMPX"
  Assets:US:Vanguard:VBMPX                          8.528 VBMPX {56.28 USD, 2025-01-20}
  Assets:US:Vanguard:Cash                         -479.96 USD

2025-01-20 * "Investing 60% of cash in RGAGX"
  Assets:US:Vanguard:RGAGX                          3.712 RGAGX {193.95 USD, 2025-01-20}
  Assets:US:Vanguard:Cash                         -719.94 USD

2025-01-20 * "Investing 40% of cash in VBMPX"
  Assets:US:Vanguard:VBMPX                          4.265 VBMPX {56.28 USD, 2025-01-20}
  Assets:US:Vanguard:Cash                         -240.03 USD

2025-01-20 * "Investing 60% of cash in RGAGX"
  Assets:US:Vanguard:RGAGX                          1.856 RGAGX {193.95 USD, 2025-01-20}
  Assets:US:Vanguard:Cash                         -359.97 USD

2025-01-31 * "Employer match for contribution"
  Assets:US:Vanguard:Cash                          600.00 USD
  Income:US:Hooli:Match401k                       -600.00 USD

2025-02-03 * "Investing 40% of cash in VBMPX"
  Assets:US:Vanguard:VBMPX                          8.737 VBMPX {54.94 USD, 2025-02-03}
  Assets:US:Vanguard:Cash                         -480.01 USD

2025-02-03 * "Investing 60% of cash in RGAGX"
  Assets:US:Vanguard:RGAGX                          3.708 RGAGX {194.18 USD, 2025-02-03}
  Assets:US:Vanguard:Cash                         -720.02 USD

2025-02-03 * "Investing 40% of cash in VBMPX"
  Assets:US:Vanguard:VBMPX                          4.369 VBMPX {54.94 USD, 2025-02-03}
  Assets:US:Vanguard:Cash                         -240.03 USD

2025-02-03 * "Investing 60% of cash in RGAGX"
  Assets:US:Vanguard:RGAGX                          1.854 RGAGX {194.18 USD, 2025-02-03}
  Assets:US:Vanguard:Cash                         -360.01 USD

2025-02-14 * "Employer match for contribution"
  Assets:US:Vanguard:Cash                          600.00 USD
  Income:US:Hooli:Match401k                       -600.00 USD

2025-02-17 * "Investing 40% of cash in VBMPX"
  Assets:US:Vanguard:VBMPX                          8.767 VBMPX {54.75 USD, 2025-02-17}
  Assets:US:Vanguard:Cash                         -479.99 USD

2025-02-17 * "Investing 60% of cash in RGAGX"
  Assets:US:Vanguard:RGAGX                          3.791 RGAGX {189.94 USD, 2025-02-17}
  Assets:US:Vanguard:Cash                         -720.06 USD

2025-02-17 * "Investing 40% of cash in VBMPX"
  Assets:US:Vanguard:VBMPX                          4.383 VBMPX {54.75 USD, 2025-02-17}
  Assets:US:Vanguard:Cash                         -239.97 USD

2025-02-17 * "Investing 60% of cash in RGAGX"
  Assets:US:Vanguard:RGAGX                          1.895 RGAGX {189.94 USD, 2025-02-17}
  Assets:US:Vanguard:Cash                         -359.94 USD

2025-02-28 * "Employer match for contribution"
  Assets:US:Vanguard:Cash                          600.00 USD
  Income:US:Hooli:Match401k                       -600.00 USD

2025-03-03 * "Investing 40% of cash in VBMPX"
  Assets:US:Vanguard:VBMPX                          8.515 VBMPX {56.37 USD, 2025-03-03}
  Assets:US:Vanguard:Cash                         -479.99 USD

2025-03-03 * "Investing 60% of cash in RGAGX"
  Assets:US:Vanguard:RGAGX                          3.792 RGAGX {189.86 USD, 2025-03-03}
  Assets:US:Vanguard:Cash                         -719.95 USD

2025-03-03 * "Investing 40% of cash in VBMPX"
  Assets:US:Vanguard:VBMPX                          4.258 VBMPX {56.37 USD, 2025-03-03}
  Assets:US:Vanguard:Cash                         -240.02 USD

2025-03-03 * "Investing 60% of cash in RGAGX"
  Assets:US:Vanguard:RGAGX                          1.896 RGAGX {189.86 USD, 2025-03-03}
  Assets:US:Vanguard:Cash                         -359.97 USD

2025-03-14 * "Employer match for contribution"
  Assets:US:Vanguard:Cash                          600.00 USD
  Income:US:Hooli:Match401k                       -600.00 USD

2025-03-17 * "Investing 40% of cash in VBMPX"
  Assets:US:Vanguard:VBMPX                          8.489 VBMPX {56.55 USD, 2025-03-17}
  Assets:US:Vanguard:Cash                         -480.05 USD

2025-03-17 * "Investing 60% of cash in RGAGX"
  Assets:US:Vanguard:RGAGX                          3.871 RGAGX {186.02 USD, 2025-03-17}
  Assets:US:Vanguard:Cash                         -720.08 USD

2025-03-17 * "Investing 40% of cash in VBMPX"
  Assets:US:Vanguard:VBMPX                          4.244 VBMPX {56.55 USD, 2025-03-17}
  Assets:US:Vanguard:Cash                         -240.00 USD

2025-03-17 * "Investing 60% of cash in RGAGX"
  Assets:US:Vanguard:RGAGX                          1.935 RGAGX {186.02 USD, 2025-03-17}
  Assets:US:Vanguard:Cash                         -359.95 USD

2025-03-28 * "Employer match for contribution"
  Assets:US:Vanguard:Cash                          600.00 USD
  Income:US:Hooli:Match401k                       -600.00 USD

2025-03-31 * "Investing 40% of cash in VBMPX"
  Assets:US:Vanguard:VBMPX                          8.475 VBMPX {56.64 USD, 2025-03-31}
  Assets:US:Vanguard:Cash                         -480.02 USD

2025-03-31 * "Investing 60% of cash in RGAGX"
  Assets:US:Vanguard:RGAGX                          3.831 RGAGX {187.95 USD, 2025-03-31}
  Assets:US:Vanguard:Cash                         -720.04 USD

2025-03-31 * "Investing 40% of cash in VBMPX"
  Assets:US:Vanguard:VBMPX                          4.237 VBMPX {56.64 USD, 2025-03-31}
  Assets:US:Vanguard:Cash                         -239.98 USD

2025-03-31 * "Investing 60% of cash in RGAGX"
  Assets:US:Vanguard:RGAGX                          1.915 RGAGX {187.95 USD, 2025-03-31}
  Assets:US:Vanguard:Cash                         -359.92 USD

2025-04-11 * "Employer match for contribution"
  Assets:US:Vanguard:Cash                          600.00 USD
  Income:US:Hooli:Match401k                       -600.00 USD

2025-04-14 * "Investing 40% of cash in VBMPX"
  Assets:US:Vanguard:VBMPX                          8.187 VBMPX {58.63 USD, 2025-04-14}
  Assets:US:Vanguard:Cash                         -480.00 USD

2025-04-14 * "Investing 60% of cash in RGAGX"
  Assets:US:Vanguard:RGAGX                          3.815 RGAGX {188.74 USD, 2025-04-14}
  Assets:US:Vanguard:Cash                         -720.04 USD

2025-04-14 * "Investing 40% of cash in VBMPX"
  Assets:US:Vanguard:VBMPX                          4.094 VBMPX {58.63 USD, 2025-04-14}
  Assets:US:Vanguard:Cash                         -240.03 USD

2025-04-14 * "Investing 60% of cash in RGAGX"
  Assets:US:Vanguard:RGAGX                          1.907 RGAGX {188.74 USD, 2025-04-14}
  Assets:US:Vanguard:Cash                         -359.93 USD

2025-04-25 * "Employer match for contribution"
  Assets:US:Vanguard:Cash                          600.00 USD
  Income:US:Hooli:Match401k                       -600.00 USD

2025-04-28 * "Investing 40% of cash in VBMPX"
  Assets:US:Vanguard:VBMPX                          8.007 VBMPX {59.95 USD, 2025-04-28}
  Assets:US:Vanguard:Cash                         -480.02 USD

2025-04-28 * "Investing 60% of cash in RGAGX"
  Assets:US:Vanguard:RGAGX                          3.854 RGAGX {186.83 USD, 2025-04-28}
  Assets:US:Vanguard:Cash                         -720.04 USD

2025-04-28 * "Investing 40% of cash in VBMPX"
  Assets:US:Vanguard:VBMPX                          4.003 VBMPX {59.95 USD, 2025-04-28}
  Assets:US:Vanguard:Cash                         -239.98 USD

2025-04-28 * "Investing 60% of cash in RGAGX"
  Assets:US:Vanguard:RGAGX                          1.927 RGAGX {186.83 USD, 2025-04-28}
  Assets:US:Vanguard:Cash                         -360.02 USD

2025-05-09 * "Employer match for contribution"
  Assets:US:Vanguard:Cash                          600.00 USD
  Income:US:Hooli:Match401k                       -600.00 USD

2025-05-12 * "Investing 40% of cash in VBMPX"
  Assets:US:Vanguard:VBMPX                          7.852 VBMPX {61.13 USD, 2025-05-12}
  Assets:US:Vanguard:Cash                         -479.99 USD

2025-05-12 * "Investing 60% of cash in RGAGX"
  Assets:US:Vanguard:RGAGX                          3.930 RGAGX {183.20 USD, 2025-05-12}
  Assets:US:Vanguard:Cash                         -719.98 USD

2025-05-12 * "Investing 40% of cash in VBMPX"
  Assets:US:Vanguard:VBMPX                          3.926 VBMPX {61.13 USD, 2025-05-12}
  Assets:US:Vanguard:Cash                         -240.00 USD

2025-05-12 * "Investing 60% of cash in RGAGX"
  Assets:US:Vanguard:RGAGX                          1.965 RGAGX {183.20 USD, 2025-05-12}
  Assets:US:Vanguard:Cash                         -359.99 USD

2025-05-23 * "Employer match for contribution"
  Assets:US:Vanguard:Cash                          600.00 USD
  Income:US:Hooli:Match401k                       -600.00 USD

2025-05-26 * "Investing 40% of cash in VBMPX"
  Assets:US:Vanguard:VBMPX                          7.982 VBMPX {60.14 USD, 2025-05-26}
  Assets:US:Vanguard:Cash                         -480.04 USD

2025-05-26 * "Investing 60% of cash in RGAGX"
  Assets:US:Vanguard:RGAGX                          3.942 RGAGX {182.63 USD, 2025-05-26}
  Assets:US:Vanguard:Cash                         -719.93 USD

2025-05-26 * "Investing 40% of cash in VBMPX"
  Assets:US:Vanguard:VBMPX                          3.991 VBMPX {60.14 USD, 2025-05-26}
  Assets:US:Vanguard:Cash                         -240.02 USD

2025-05-26 * "Investing 60% of cash in RGAGX"
  Assets:US:Vanguard:RGAGX                          1.971 RGAGX {182.63 USD, 2025-05-26}
  Assets:US:Vanguard:Cash                         -359.96 USD

2025-06-06 * "Employer match for contribution"
  Assets:US:Vanguard:Cash                          600.00 USD
  Income:US:Hooli:Match401k                       -600.00 USD

2025-06-09 * "Investing 40% of cash in VBMPX"
  Assets:US:Vanguard:VBMPX                          7.774 VBMPX {61.75 USD, 2025-06-09}
  Assets:US:Vanguard:Cash                         -480.04 USD

2025-06-09 * "Investing 60% of cash in RGAGX"
  Assets:US:Vanguard:RGAGX                          3.807 RGAGX {189.13 USD, 2025-06-09}
  Assets:US:Vanguard:Cash                         -720.02 USD

2025-06-09 * "Investing 40% of cash in VBMPX"
  Assets:US:Vanguard:VBMPX                          3.887 VBMPX {61.75 USD, 2025-06-09}
  Assets:US:Vanguard:Cash                         -240.02 USD

2025-06-09 * "Investing 60% of cash in RGAGX"
  Assets:US:Vanguard:RGAGX                          1.904 RGAGX {189.13 USD, 2025-06-09}
  Assets:US:Vanguard:Cash                         -360.10 USD

2025-06-20 * "Employer match for contribution"
  Assets:US:Vanguard:Cash                          600.00 USD
  Income:US:Hooli:Match401k                       -600.00 USD

2025-06-23 * "Investing 40% of cash in VBMPX"
  Assets:US:Vanguard:VBMPX                          7.697 VBMPX {62.36 USD, 2025-06-23}
  Assets:US:Vanguard:Cash                         -479.98 USD

2025-06-23 * "Investing 60% of cash in RGAGX"
  Assets:US:Vanguard:RGAGX                          3.863 RGAGX {186.35 USD, 2025-06-23}
  Assets:US:Vanguard:Cash                         -719.87 USD

2025-06-23 * "Investing 40% of cash in VBMPX"
  Assets:US:Vanguard:VBMPX                          3.849 VBMPX {62.36 USD, 2025-06-23}
  Assets:US:Vanguard:Cash                         -240.02 USD

2025-06-23 * "Investing 60% of cash in RGAGX"
  Assets:US:Vanguard:RGAGX                          1.932 RGAGX {186.35 USD, 2025-06-23}
  Assets:US:Vanguard:Cash                         -360.03 USD

2025-07-04 * "Employer match for contribution"
  Assets:US:Vanguard:Cash                          600.00 USD
  Income:US:Hooli:Match401k                       -600.00 USD

2025-07-07 * "Investing 40% of cash in VBMPX"
  Assets:US:Vanguard:VBMPX                          7.781 VBMPX {61.69 USD, 2025-07-07}
  Assets:US:Vanguard:Cash                         -480.01 USD

2025-07-07 * "Investing 60% of cash in RGAGX"
  Assets:US:Vanguard:RGAGX                          3.854 RGAGX {186.83 USD, 2025-07-07}
  Assets:US:Vanguard:Cash                         -720.04 USD

2025-07-07 * "Investing 40% of cash in VBMPX"
  Assets:US:Vanguard:VBMPX                          3.890 VBMPX {61.69 USD, 2025-07-07}
  Assets:US:Vanguard:Cash                         -239.97 USD

2025-07-07 * "Investing 60% of cash in RGAGX"
  Assets:US:Vanguard:RGAGX                          1.927 RGAGX {186.83 USD, 2025-07-07}
  Assets:US:Vanguard:Cash                         -360.02 USD

2025-07-18 * "Employer match for contribution"
  Assets:US:Vanguard:Cash                          600.00 USD
  Income:US:Hooli:Match401k                       -600.00 USD

2025-07-21 * "Investing 40% of cash in VBMPX"
  Assets:US:Vanguard:VBMPX                          7.889 VBMPX {60.84 USD, 2025-07-21}
  Assets:US:Vanguard:Cash                         -479.97 USD

2025-07-21 * "Investing 60% of cash in RGAGX"
  Assets:US:Vanguard:RGAGX                          3.831 RGAGX {187.93 USD, 2025-07-21}
  Assets:US:Vanguard:Cash                         -719.96 USD

2025-07-21 * "Investing 40% of cash in VBMPX"
  Assets:US:Vanguard:VBMPX                          3.945 VBMPX {60.84 USD, 2025-07-21}
  Assets:US:Vanguard:Cash                         -240.01 USD

2025-07-21 * "Investing 60% of cash in RGAGX"
  Assets:US:Vanguard:RGAGX                          1.916 RGAGX {187.93 USD, 2025-07-21}
  Assets:US:Vanguard:Cash                         -360.07 USD

2025-08-01 * "Employer match for contribution"
  Assets:US:Vanguard:Cash                          250.00 USD
  Income:US:Hooli:Match401k                       -250.00 USD

2025-08-04 * "Investing 40% of cash in VBMPX"
  Assets:US:Vanguard:VBMPX                          3.297 VBMPX {60.65 USD, 2025-08-04}
  Assets:US:Vanguard:Cash                         -199.96 USD

2025-08-04 * "Investing 60% of cash in RGAGX"
  Assets:US:Vanguard:RGAGX                          1.566 RGAGX {191.59 USD, 2025-08-04}
  Assets:US:Vanguard:Cash                         -300.03 USD

2025-08-04 * "Investing 40% of cash in VBMPX"
  Assets:US:Vanguard:VBMPX                          1.649 VBMPX {60.65 USD, 2025-08-04}
  Assets:US:Vanguard:Cash                         -100.01 USD

2025-08-04 * "Investing 60% of cash in RGAGX"
  Assets:US:Vanguard:RGAGX                          0.783 RGAGX {191.59 USD, 2025-08-04}
  Assets:US:Vanguard:Cash                         -150.01 USD

2026-01-02 * "Employer match for contribution"
  Assets:US:Vanguard:Cash                          600.00 USD
  Income:US:Hooli:Match401k                       -600.00 USD

2026-01-05 * "Investing 40% of cash in VBMPX"
  Assets:US:Vanguard:VBMPX                          7.647 VBMPX {62.77 USD, 2026-01-05}
  Assets:US:Vanguard:Cash                         -480.00 USD

2026-01-05 * "Investing 60% of cash in RGAGX"
  Assets:US:Vanguard:RGAGX                          4.020 RGAGX {179.11 USD, 2026-01-05}
  Assets:US:Vanguard:Cash                         -720.02 USD

2026-01-05 * "Investing 40% of cash in VBMPX"
  Assets:US:Vanguard:VBMPX                          3.823 VBMPX {62.77 USD, 2026-01-05}
  Assets:US:Vanguard:Cash                         -239.97 USD

2026-01-05 * "Investing 60% of cash in RGAGX"
  Assets:US:Vanguard:RGAGX                          2.010 RGAGX {179.11 USD, 2026-01-05}
  Assets:US:Vanguard:Cash                         -360.01 USD

2026-01-16 * "Employer match for contribution"
  Assets:US:Vanguard:Cash                          600.00 USD
  Income:US:Hooli:Match401k                       -600.00 USD

2026-01-19 * "Investing 40% of cash in VBMPX"
  Assets:US:Vanguard:VBMPX                          7.620 VBMPX {62.99 USD, 2026-01-19}
  Assets:US:Vanguard:Cash                         -479.98 USD

2026-01-19 * "Investing 60% of cash in RGAGX"
  Assets:US:Vanguard:RGAGX                          4.031 RGAGX {178.62 USD, 2026-01-19}
  Assets:US:Vanguard:Cash                         -720.02 USD

2026-01-19 * "Investing 40% of cash in VBMPX"
  Assets:US:Vanguard:VBMPX                          3.810 VBMPX {62.99 USD, 2026-01-19}
  Assets:US:Vanguard:Cash                         -239.99 USD

2026-01-19 * "Investing 60% of cash in RGAGX"
  Assets:US:Vanguard:RGAGX                          2.015 RGAGX {178.62 USD, 2026-01-19}
  Assets:US:Vanguard:Cash                         -359.92 USD

2026-01-30 * "Employer match for contribution"
  Assets:US:Vanguard:Cash                          600.00 USD
  Income:US:Hooli:Match401k                       -600.00 USD

2026-02-02 * "Investing 40% of cash in VBMPX"
  Assets:US:Vanguard:VBMPX                          7.317 VBMPX {65.60 USD, 2026-02-02}
  Assets:US:Vanguard:Cash                         -480.00 USD

2026-02-02 * "Investing 60% of cash in RGAGX"
  Assets:US:Vanguard:RGAGX                          4.091 RGAGX {175.99 USD, 2026-02-02}
  Assets:US:Vanguard:Cash                         -719.98 USD

2026-02-02 * "Investing 40% of cash in VBMPX"
  Assets:US:Vanguard:VBMPX                          3.659 VBMPX {65.60 USD, 2026-02-02}
  Assets:US:Vanguard:Cash                         -240.03 USD

2026-02-02 * "Investing 60% of cash in RGAGX"
  Assets:US:Vanguard:RGAGX                          2.046 RGAGX {175.99 USD, 2026-02-02}
  Assets:US:Vanguard:Cash                         -360.08 USD

2026-02-13 * "Employer match for contribution"
  Assets:US:Vanguard:Cash                          600.00 USD
  Income:US:Hooli:Match401k                       -600.00 USD

2026-02-16 * "Investing 40% of cash in VBMPX"
  Assets:US:Vanguard:VBMPX                          7.549 VBMPX {63.58 USD, 2026-02-16}
  Assets:US:Vanguard:Cash                         -479.97 USD

2026-02-16 * "Investing 60% of cash in RGAGX"
  Assets:US:Vanguard:RGAGX                          4.002 RGAGX {179.89 USD, 2026-02-16}
  Assets:US:Vanguard:Cash                         -719.92 USD

2026-02-16 * "Investing 40% of cash in VBMPX"
  Assets:US:Vanguard:VBMPX                          3.775 VBMPX {63.58 USD, 2026-02-16}
  Assets:US:Vanguard:Cash                         -240.01 USD

2026-02-16 * "Investing 60% of cash in RGAGX"
  Assets:US:Vanguard:RGAGX                          2.001 RGAGX {179.89 USD, 2026-02-16}
  Assets:US:Vanguard:Cash                         -359.96 USD

2026-02-27 * "Employer match for contribution"
  Assets:US:Vanguard:Cash                          600.00 USD
  Income:US:Hooli:Match401k                       -600.00 USD

2026-03-02 * "Investing 40% of cash in VBMPX"
  Assets:US:Vanguard:VBMPX                          7.694 VBMPX {62.39 USD, 2026-03-02}
  Assets:US:Vanguard:Cash                         -480.03 USD

2026-03-02 * "Investing 60% of cash in RGAGX"
  Assets:US:Vanguard:RGAGX                          4.081 RGAGX {176.43 USD, 2026-03-02}
  Assets:US:Vanguard:Cash                         -720.01 USD

2026-03-02 * "Investing 40% of cash in VBMPX"
  Assets:US:Vanguard:VBMPX                          3.847 VBMPX {62.39 USD, 2026-03-02}
  Assets:US:Vanguard:Cash                         -240.01 USD

2026-03-02 * "Investing 60% of cash in RGAGX"
  Assets:US:Vanguard:RGAGX                          2.041 RGAGX {176.43 USD, 2026-03-02}
  Assets:US:Vanguard:Cash                         -360.09 USD

2026-03-13 * "Employer match for contribution"
  Assets:US:Vanguard:Cash                          600.00 USD
  Income:US:Hooli:Match401k                       -600.00 USD

2026-03-16 * "Investing 40% of cash in VBMPX"
  Assets:US:Vanguard:VBMPX                          7.473 VBMPX {64.23 USD, 2026-03-16}
  Assets:US:Vanguard:Cash                         -479.99 USD

2026-03-16 * "Investing 60% of cash in RGAGX"
  Assets:US:Vanguard:RGAGX                          4.090 RGAGX {176.04 USD, 2026-03-16}
  Assets:US:Vanguard:Cash                         -720.00 USD

2026-03-16 * "Investing 40% of cash in VBMPX"
  Assets:US:Vanguard:VBMPX                          3.736 VBMPX {64.23 USD, 2026-03-16}
  Assets:US:Vanguard:Cash                         -239.96 USD

2026-03-16 * "Investing 60% of cash in RGAGX"
  Assets:US:Vanguard:RGAGX                          2.045 RGAGX {176.04 USD, 2026-03-16}
  Assets:US:Vanguard:Cash                         -360.00 USD



* Sources of Income

2024-01-01 open Income:US:Hooli:Salary                      USD
2024-01-01 open Income:US:Hooli:GroupTermLife               USD
2024-01-01 open Income:US:Hooli:Vacation                    VACHR
2024-01-01 open Assets:US:Hooli:Vacation                    VACHR
2024-01-01 open Expenses:Vacation                               VACHR
2024-01-01 open Expenses:Health:Life:GroupTermLife
2024-01-01 open Expenses:Health:Medical:Insurance
2024-01-01 open Expenses:Health:Dental:Insurance
2024-01-01 open Expenses:Health:Vision:Insurance

2024-01-01 event "employer" "Hooli, 1 Carloston Rd, Mountain Beer, CA"

2024-01-04 * "Hooli" "Payroll"
  Assets:US:BofA:Checking                         1350.60 USD
  Assets:US:Vanguard:Cash                         1200.00 USD
  Income:US:Hooli:Salary                         -4615.38 USD
  Income:US:Hooli:GroupTermLife                    -24.32 USD
  Expenses:Health:Life:GroupTermLife                24.32 USD
  Expenses:Health:Dental:Insurance                   2.90 USD
  Expenses:Health:Medical:Insurance                 27.38 USD
  Expenses:Health:Vision:Insurance                  42.30 USD
  Expenses:Taxes:Y2024:US:Medicare                 106.62 USD
  Expenses:Taxes:Y2024:US:Federal                 1062.92 USD
  Expenses:Taxes:Y2024:US:State                    365.08 USD
  Expenses:Taxes:Y2024:US:CityNYC                  174.92 USD
  Expenses:Taxes:Y2024:US:SDI                        1.12 USD
  Expenses:Taxes:Y2024:US:SocSec                   281.54 USD
  Assets:US:Federal:PreTax401k                   -1200.00 IRAUSD
  Expenses:Taxes:Y2024:US:Federal:PreTax401k      1200.00 IRAUSD
  Assets:US:Hooli:Vacation                              5 VACHR
  Income:US:Hooli:Vacation                             -5 VACHR

2024-01-18 * "Hooli" "Payroll"
  Assets:US:BofA:Checking                         1350.60 USD
  Assets:US:Vanguard:Cash                         1200.00 USD
  Income:US:Hooli:Salary                         -4615.38 USD
  Income:US:Hooli:GroupTermLife                    -24.32 USD
  Expenses:Health:Life:GroupTermLife                24.32 USD
  Expenses:Health:Dental:Insurance                   2.90 USD
  Expenses:Health:Medical:Insurance                 27.38 USD
  Expenses:Health:Vision:Insurance                  42.30 USD
  Expenses:Taxes:Y2024:US:Medicare                 106.62 USD
  Expenses:Taxes:Y2024:US:Federal                 1062.92 USD
  Expenses:Taxes:Y2024:US:State                    365.08 USD
  Expenses:Taxes:Y2024:US:CityNYC                  174.92 USD
  Expenses:Taxes:Y2024:US:SDI                        1.12 USD
  Expenses:Taxes:Y2024:US:SocSec                   281.54 USD
  Assets:US:Federal:PreTax401k                   -1200.00 IRAUSD
  Expenses:Taxes:Y2024:US:Federal:PreTax401k      1200.00 IRAUSD
  Assets:US:Hooli:Vacation                              5 VACHR
  Income:US:Hooli:Vacation                             -5 VACHR

2024-02-01 * "Hooli" "Payroll"
  Assets:US:BofA:Checking                         1350.60 USD
  Assets:US:Vanguard:Cash                         1200.00 USD
  Income:US:Hooli:Salary                         -4615.38 USD
  Income:US:Hooli:GroupTermLife                    -24.32 USD
  Expenses:Health:Life:GroupTermLife                24.32 USD
  Expenses:Health:Dental:Insurance                   2.90 USD
  Expenses:Health:Medical:Insurance                 27.38 USD
  Expenses:Health:Vision:Insurance                  42.30 USD
  Expenses:Taxes:Y2024:US:Medicare                 106.62 USD
  Expenses:Taxes:Y2024:US:Federal                 1062.92 USD
  Expenses:Taxes:Y2024:US:State                    365.08 USD
  Expenses:Taxes:Y2024:US:CityNYC                  174.92 USD
  Expenses:Taxes:Y2024:US:SDI                        1.12 USD
  Expenses:Taxes:Y2024:US:SocSec                   281.54 USD
  Assets:US:Federal:PreTax401k                   -1200.00 IRAUSD
  Expenses:Taxes:Y2024:US:Federal:PreTax401k      1200.00 IRAUSD
  Assets:US:Hooli:Vacation                              5 VACHR
  Income:US:Hooli:Vacation                             -5 VACHR

2024-02-15 * "Hooli" "Payroll"
  Assets:US:BofA:Checking                         1350.60 USD
  Assets:US:Vanguard:Cash                         1200.00 USD
  Income:US:Hooli:Salary                         -4615.38 USD
  Income:US:Hooli:GroupTermLife                    -24.32 USD
  Expenses:Health:Life:GroupTermLife                24.32 USD
  Expenses:Health:Dental:Insurance                   2.90 USD
  Expenses:Health:Medical:Insurance                 27.38 USD
  Expenses:Health:Vision:Insurance                  42.30 USD
  Expenses:Taxes:Y2024:US:Medicare                 106.62 USD
  Expenses:Taxes:Y2024:US:Federal                 1062.92 USD
  Expenses:Taxes:Y2024:US:State                    365.08 USD
  Expenses:Taxes:Y2024:US:CityNYC                  174.92 USD
  Expenses:Taxes:Y2024:US:SDI                        1.12 USD
  Expenses:Taxes:Y2024:US:SocSec                   281.54 USD
  Assets:US:Federal:PreTax401k                   -1200.00 IRAUSD
  Expenses:Taxes:Y2024:US:Federal:PreTax401k      1200.00 IRAUSD
  Assets:US:Hooli:Vacation                              5 VACHR
  Income:US:Hooli:Vacation                             -5 VACHR

2024-02-29 * "Hooli" "Payroll"
  Assets:US:BofA:Checking                         1350.60 USD
  Assets:US:Vanguard:Cash                         1200.00 USD
  Income:US:Hooli:Salary                         -4615.38 USD
  Income:US:Hooli:GroupTermLife                    -24.32 USD
  Expenses:Health:Life:GroupTermLife                24.32 USD
  Expenses:Health:Dental:Insurance                   2.90 USD
  Expenses:Health:Medical:Insurance                 27.38 USD
  Expenses:Health:Vision:Insurance                  42.30 USD
  Expenses:Taxes:Y2024:US:Medicare                 106.62 USD
  Expenses:Taxes:Y2024:US:Federal                 1062.92 USD
  Expenses:Taxes:Y2024:US:State                    365.08 USD
  Expenses:Taxes:Y2024:US:CityNYC                  174.92 USD
  Expenses:Taxes:Y2024:US:SDI                        1.12 USD
  Expenses:Taxes:Y2024:US:SocSec                   281.54 USD
  Assets:US:Federal:PreTax401k                   -1200.00 IRAUSD
  Expenses:Taxes:Y2024:US:Federal:PreTax401k      1200.00 IRAUSD
  Assets:US:Hooli:Vacation                              5 VACHR
  Income:US:Hooli:Vacation                             -5 VACHR

2024-03-14 * "Hooli" "Payroll"
  Assets:US:BofA:Checking                         1350.60 USD
  Assets:US:Vanguard:Cash                         1200.00 USD
  Income:US:Hooli:Salary                         -4615.38 USD
  Income:US:Hooli:GroupTermLife                    -24.32 USD
  Expenses:Health:Life:GroupTermLife                24.32 USD
  Expenses:Health:Dental:Insurance                   2.90 USD
  Expenses:Health:Medical:Insurance                 27.38 USD
  Expenses:Health:Vision:Insurance                  42.30 USD
  Expenses:Taxes:Y2024:US:Medicare                 106.62 USD
  Expenses:Taxes:Y2024:US:Federal                 1062.92 USD
  Expenses:Taxes:Y2024:US:State                    365.08 USD
  Expenses:Taxes:Y2024:US:CityNYC                  174.92 USD
  Expenses:Taxes:Y2024:US:SDI                        1.12 USD
  Expenses:Taxes:Y2024:US:SocSec                   281.54 USD
  Assets:US:Federal:PreTax401k                   -1200.00 IRAUSD
  Expenses:Taxes:Y2024:US:Federal:PreTax401k      1200.00 IRAUSD
  Assets:US:Hooli:Vacation                              5 VACHR
  Income:US:Hooli:Vacation                             -5 VACHR

2024-03-28 * "Hooli" "Payroll"
  Assets:US:BofA:Checking                         1350.60 USD
  Assets:US:Vanguard:Cash                         1200.00 USD
  Income:US:Hooli:Salary                         -4615.38 USD
  Income:US:Hooli:GroupTermLife                    -24.32 USD
  Expenses:Health:Life:GroupTermLife                24.32 USD
  Expenses:Health:Dental:Insurance                   2.90 USD
  Expenses:Health:Medical:Insurance                 27.38 USD
  Expenses:Health:Vision:Insurance                  42.30 USD
  Expenses:Taxes:Y2024:US:Medicare                 106.62 USD
  Expenses:Taxes:Y2024:US:Federal                 1062.92 USD
  Expenses:Taxes:Y2024:US:State                    365.08 USD
  Expenses:Taxes:Y2024:US:CityNYC                  174.92 USD
  Expenses:Taxes:Y2024:US:SDI                        1.12 USD
  Expenses:Taxes:Y2024:US:SocSec                   281.54 USD
  Assets:US:Federal:PreTax401k                   -1200.00 IRAUSD
  Expenses:Taxes:Y2024:US:Federal:PreTax401k      1200.00 IRAUSD
  Assets:US:Hooli:Vacation                              5 VACHR
  Income:US:Hooli:Vacation                             -5 VACHR

2024-04-11 * "Hooli" "Payroll"
  Assets:US:BofA:Checking                         1350.60 USD
  Assets:US:Vanguard:Cash                         1200.00 USD
  Income:US:Hooli:Salary                         -4615.38 USD
  Income:US:Hooli:GroupTermLife                    -24.32 USD
  Expenses:Health:Life:GroupTermLife                24.32 USD
  Expenses:Health:Dental:Insurance                   2.90 USD
  Expenses:Health:Medical:Insurance                 27.38 USD
  Expenses:Health:Vision:Insurance                  42.30 USD
  Expenses:Taxes:Y2024:US:Medicare                 106.62 USD
  Expenses:Taxes:Y2024:US:Federal                 1062.92 USD
  Expenses:Taxes:Y2024:US:State                    365.08 USD
  Expenses:Taxes:Y2024:US:CityNYC                  174.92 USD
  Expenses:Taxes:Y2024:US:SDI                        1.12 USD
  Expenses:Taxes:Y2024:US:SocSec                   281.54 USD
  Assets:US:Federal:PreTax401k                   -1200.00 IRAUSD
  Expenses:Taxes:Y2024:US:Federal:PreTax401k      1200.00 IRAUSD
  Assets:US:Hooli:Vacation                              5 VACHR
  Income:US:Hooli:Vacation                             -5 VACHR

2024-04-25 * "Hooli" "Payroll"
  Assets:US:BofA:Checking                         1350.60 USD
  Assets:US:Vanguard:Cash                         1200.00 USD
  Income:US:Hooli:Salary                         -4615.38 USD
  Income:US:Hooli:GroupTermLife                    -24.32 USD
  Expenses:Health:Life:GroupTermLife                24.32 USD
  Expenses:Health:Dental:Insurance                   2.90 USD
  Expenses:Health:Medical:Insurance                 27.38 USD
  Expenses:Health:Vision:Insurance                  42.30 USD
  Expenses:Taxes:Y2024:US:Medicare                 106.62 USD
  Expenses:Taxes:Y2024:US:Federal                 1062.92 USD
  Expenses:Taxes:Y2024:US:State                    365.08 USD
  Expenses:Taxes:Y2024:US:CityNYC                  174.92 USD
  Expenses:Taxes:Y2024:US:SDI                        1.12 USD
  Expenses:Taxes:Y2024:US:SocSec                   281.54 USD
  Assets:US:Federal:PreTax401k                   -1200.00 IRAUSD
  Expenses:Taxes:Y2024:US:Federal:PreTax401k      1200.00 IRAUSD
  Assets:US:Hooli:Vacation                              5 VACHR
  Income:US:Hooli:Vacation                             -5 VACHR

2024-05-09 * "Hooli" "Payroll"
  Assets:US:BofA:Checking                         1350.60 USD
  Assets:US:Vanguard:Cash                         1200.00 USD
  Income:US:Hooli:Salary                         -4615.38 USD
  Income:US:Hooli:GroupTermLife                    -24.32 USD
  Expenses:Health:Life:GroupTermLife                24.32 USD
  Expenses:Health:Dental:Insurance                   2.90 USD
  Expenses:Health:Medical:Insurance                 27.38 USD
  Expenses:Health:Vision:Insurance                  42.30 USD
  Expenses:Taxes:Y2024:US:Medicare                 106.62 USD
  Expenses:Taxes:Y2024:US:Federal                 1062.92 USD
  Expenses:Taxes:Y2024:US:State                    365.08 USD
  Expenses:Taxes:Y2024:US:CityNYC                  174.92 USD
  Expenses:Taxes:Y2024:US:SDI                        1.12 USD
  Expenses:Taxes:Y2024:US:SocSec                   281.54 USD
  Assets:US:Federal:PreTax401k                   -1200.00 IRAUSD
  Expenses:Taxes:Y2024:US:Federal:PreTax401k      1200.00 IRAUSD
  Assets:US:Hooli:Vacation                              5 VACHR
  Income:US:Hooli:Vacation                             -5 VACHR

2024-05-23 * "Hooli" "Payroll"
  Assets:US:BofA:Checking                         1350.60 USD
  Assets:US:Vanguard:Cash                         1200.00 USD
  Income:US:Hooli:Salary                         -4615.38 USD
  Income:US:Hooli:GroupTermLife                    -24.32 USD
  Expenses:Health:Life:GroupTermLife                24.32 USD
  Expenses:Health:Dental:Insurance                   2.90 USD
  Expenses:Health:Medical:Insurance                 27.38 USD
  Expenses:Health:Vision:Insurance                  42.30 USD
  Expenses:Taxes:Y2024:US:Medicare                 106.62 USD
  Expenses:Taxes:Y2024:US:Federal                 1062.92 USD
  Expenses:Taxes:Y2024:US:State                    365.08 USD
  Expenses:Taxes:Y2024:US:CityNYC                  174.92 USD
  Expenses:Taxes:Y2024:US:SDI                        1.12 USD
  Expenses:Taxes:Y2024:US:SocSec                   281.54 USD
  Assets:US:Federal:PreTax401k                   -1200.00 IRAUSD
  Expenses:Taxes:Y2024:US:Federal:PreTax401k      1200.00 IRAUSD
  Assets:US:Hooli:Vacation                              5 VACHR
  Income:US:Hooli:Vacation                             -5 VACHR

2024-06-06 * "Hooli" "Payroll"
  Assets:US:BofA:Checking                         1350.60 USD
  Assets:US:Vanguard:Cash                         1200.00 USD
  Income:US:Hooli:Salary                         -4615.38 USD
  Income:US:Hooli:GroupTermLife                    -24.32 USD
  Expenses:Health:Life:GroupTermLife                24.32 USD
  Expenses:Health:Dental:Insurance                   2.90 USD
  Expenses:Health:Medical:Insurance                 27.38 USD
  Expenses:Health:Vision:Insurance                  42.30 USD
  Expenses:Taxes:Y2024:US:Medicare                 106.62 USD
  Expenses:Taxes:Y2024:US:Federal                 1062.92 USD
  Expenses:Taxes:Y2024:US:State                    365.08 USD
  Expenses:Taxes:Y2024:US:CityNYC                  174.92 USD
  Expenses:Taxes:Y2024:US:SDI                        1.12 USD
  Expenses:Taxes:Y2024:US:SocSec                   281.54 USD
  Assets:US:Federal:PreTax401k                   -1200.00 IRAUSD
  Expenses:Taxes:Y2024:US:Federal:PreTax401k      1200.00 IRAUSD
  Assets:US:Hooli:Vacation                              5 VACHR
  Income:US:Hooli:Vacation                             -5 VACHR

2024-06-20 * "Hooli" "Payroll"
  Assets:US:BofA:Checking                         1350.60 USD
  Assets:US:Vanguard:Cash                         1200.00 USD
  Income:US:Hooli:Salary                         -4615.38 USD
  Income:US:Hooli:GroupTermLife                    -24.32 USD
  Expenses:Health:Life:GroupTermLife                24.32 USD
  Expenses:Health:Dental:Insurance                   2.90 USD
  Expenses:Health:Medical:Insurance                 27.38 USD
  Expenses:Health:Vision:Insurance                  42.30 USD
  Expenses:Taxes:Y2024:US:Medicare                 106.62 USD
  Expenses:Taxes:Y2024:US:Federal                 1062.92 USD
  Expenses:Taxes:Y2024:US:State                    365.08 USD
  Expenses:Taxes:Y2024:US:CityNYC                  174.92 USD
  Expenses:Taxes:Y2024:US:SDI                        1.12 USD
  Expenses:Taxes:Y2024:US:SocSec                   281.54 USD
  Assets:US:Federal:PreTax401k                   -1200.00 IRAUSD
  Expenses:Taxes:Y2024:US:Federal:PreTax401k      1200.00 IRAUSD
  Assets:US:Hooli:Vacation                              5 VACHR
  Income:US:Hooli:Vacation                             -5 VACHR

2024-07-04 * "Hooli" "Payroll"
  Assets:US:BofA:Checking                         1350.60 USD
  Assets:US:Vanguard:Cash                         1200.00 USD
  Income:US:Hooli:Salary                         -4615.38 USD
  Income:US:Hooli:GroupTermLife                    -24.32 USD
  Expenses:Health:Life:GroupTermLife                24.32 USD
  Expenses:Health:Dental:Insurance                   2.90 USD
  Expenses:Health:Medical:Insurance                 27.38 USD
  Expenses:Health:Vision:Insurance                  42.30 USD
  Expenses:Taxes:Y2024:US:Medicare                 106.62 USD
  Expenses:Taxes:Y2024:US:Federal                 1062.92 USD
  Expenses:Taxes:Y2024:US:State                    365.08 USD
  Expenses:Taxes:Y2024:US:CityNYC                  174.92 USD
  Expenses:Taxes:Y2024:US:SDI                        1.12 USD
  Expenses:Taxes:Y2024:US:SocSec                   281.54 USD
  Assets:US:Federal:PreTax401k                   -1200.00 IRAUSD
  Expenses:Taxes:Y2024:US:Federal:PreTax401k      1200.00 IRAUSD
  Assets:US:Hooli:Vacation                              5 VACHR
  Income:US:Hooli:Vacation                             -5 VACHR

2024-07-18 * "Hooli" "Payroll"
  Assets:US:BofA:Checking                         1350.60 USD
  Assets:US:Vanguard:Cash                         1200.00 USD
  Income:US:Hooli:Salary                         -4615.38 USD
  Income:US:Hooli:GroupTermLife                    -24.32 USD
  Expenses:Health:Life:GroupTermLife                24.32 USD
  Expenses:Health:Dental:Insurance                   2.90 USD
  Expenses:Health:Medical:Insurance                 27.38 USD
  Expenses:Health:Vision:Insurance                  42.30 USD
  Expenses:Taxes:Y2024:US:Medicare                 106.62 USD
  Expenses:Taxes:Y2024:US:Federal                 1062.92 USD
  Expenses:Taxes:Y2024:US:State                    365.08 USD
  Expenses:Taxes:Y2024:US:CityNYC                  174.92 USD
  Expenses:Taxes:Y2024:US:SDI                        1.12 USD
  Expenses:Taxes:Y2024:US:SocSec                   281.54 USD
  Assets:US:Federal:PreTax401k                   -1200.00 IRAUSD
  Expenses:Taxes:Y2024:US:Federal:PreTax401k      1200.00 IRAUSD
  Assets:US:Hooli:Vacation                              5 VACHR
  Income:US:Hooli:Vacation                             -5 VACHR

2024-08-01 * "Hooli" "Payroll"
  Assets:US:BofA:Checking                         2050.60 USD
  Assets:US:Vanguard:Cash                          500.00 USD
  Income:US:Hooli:Salary                         -4615.38 USD
  Income:US:Hooli:GroupTermLife                    -24.32 USD
  Expenses:Health:Life:GroupTermLife                24.32 USD
  Expenses:Health:Dental:Insurance                   2.90 USD
  Expenses:Health:Medical:Insurance                 27.38 USD
  Expenses:Health:Vision:Insurance                  42.30 USD
  Expenses:Taxes:Y2024:US:Medicare                 106.62 USD
  Expenses:Taxes:Y2024:US:Federal                 1062.92 USD
  Expenses:Taxes:Y2024:US:State                    365.08 USD
  Expenses:Taxes:Y2024:US:CityNYC                  174.92 USD
  Expenses:Taxes:Y2024:US:SDI                        1.12 USD
  Expenses:Taxes:Y2024:US:SocSec                   281.54 USD
  Assets:US:Federal:PreTax401k                    -500.00 IRAUSD
  Expenses:Taxes:Y2024:US:Federal:PreTax401k       500.00 IRAUSD
  Assets:US:Hooli:Vacation                              5 VACHR
  Income:US:Hooli:Vacation                             -5 VACHR

2024-08-15 * "Hooli" "Payroll"
  Assets:US:BofA:Checking                         2550.60 USD
  Income:US:Hooli:Salary                         -4615.38 USD
  Income:US:Hooli:GroupTermLife                    -24.32 USD
  Expenses:Health:Life:GroupTermLife                24.32 USD
  Expenses:Health:Dental:Insurance                   2.90 USD
  Expenses:Health:Medical:Insurance                 27.38 USD
  Expenses:Health:Vision:Insurance                  42.30 USD
  Expenses:Taxes:Y2024:US:Medicare                 106.62 USD
  Expenses:Taxes:Y2024:US:Federal                 1062.92 USD
  Expenses:Taxes:Y2024:US:State                    365.08 USD
  Expenses:Taxes:Y2024:US:CityNYC                  174.92 USD
  Expenses:Taxes:Y2024:US:SDI                        1.12 USD
  Expenses:Taxes:Y2024:US:SocSec                   281.54 USD
  Assets:US:Hooli:Vacation                              5 VACHR
  Income:US:Hooli:Vacation                             -5 VACHR

2024-08-29 * "Hooli" "Payroll"
  Assets:US:BofA:Checking                         2550.60 USD
  Income:US:Hooli:Salary                         -4615.38 USD
  Income:US:Hooli:GroupTermLife                    -24.32 USD
  Expenses:Health:Life:GroupTermLife                24.32 USD
  Expenses:Health:Dental:Insurance                   2.90 USD
  Expenses:Health:Medical:Insurance                 27.38 USD
  Expenses:Health:Vision:Insurance                  42.30 USD
  Expenses:Taxes:Y2024:US:Medicare                 106.62 USD
  Expenses:Taxes:Y2024:US:Federal                 1062.92 USD
  Expenses:Taxes:Y2024:US:State                    365.08 USD
  Expenses:Taxes:Y2024:US:CityNYC                  174.92 USD
  Expenses:Taxes:Y2024:US:SDI                        1.12 USD
  Expenses:Taxes:Y2024:US:SocSec                   281.54 USD
  Assets:US:Hooli:Vacation                              5 VACHR
  Income:US:Hooli:Vacation                             -5 VACHR

2024-09-12 * "Hooli" "Payroll"
  Assets:US:BofA:Checking                         2550.60 USD
  Income:US:Hooli:Salary                         -4615.38 USD
  Income:US:Hooli:GroupTermLife                    -24.32 USD
  Expenses:Health:Life:GroupTermLife                24.32 USD
  Expenses:Health:Dental:Insurance                   2.90 USD
  Expenses:Health:Medical:Insurance                 27.38 USD
  Expenses:Health:Vision:Insurance                  42.30 USD
  Expenses:Taxes:Y2024:US:Medicare                 106.62 USD
  Expenses:Taxes:Y2024:US:Federal                 1062.92 USD
  Expenses:Taxes:Y2024:US:State                    365.08 USD
  Expenses:Taxes:Y2024:US:CityNYC                  174.92 USD
  Expenses:Taxes:Y2024:US:SDI                        1.12 USD
  Expenses:Taxes:Y2024:US:SocSec                   281.54 USD
  Assets:US:Hooli:Vacation                              5 VACHR
  Income:US:Hooli:Vacation                             -5 VACHR

2024-09-26 * "Hooli" "Payroll"
  Assets:US:BofA:Checking                         2550.60 USD
  Income:US:Hooli:Salary                         -4615.38 USD
  Income:US:Hooli:GroupTermLife                    -24.32 USD
  Expenses:Health:Life:GroupTermLife                24.32 USD
  Expenses:Health:Dental:Insurance                   2.90 USD
  Expenses:Health:Medical:Insurance                 27.38 USD
  Expenses:Health:Vision:Insurance                  42.30 USD
  Expenses:Taxes:Y2024:US:Medicare                 106.62 USD
  Expenses:Taxes:Y2024:US:Federal                 1062.92 USD
  Expenses:Taxes:Y2024:US:State                    365.08 USD
  Expenses:Taxes:Y2024:US:CityNYC                  174.92 USD
  Expenses:Taxes:Y2024:US:SDI                        1.12 USD
  Expenses:Taxes:Y2024:US:SocSec                   281.54 USD
  Assets:US:Hooli:Vacation                              5 VACHR
  Income:US:Hooli:Vacation                             -5 VACHR

2024-10-10 * "Hooli" "Payroll"
  Assets:US:BofA:Checking                         2550.60 USD
  Income:US:Hooli:Salary                         -4615.38 USD
  Income:US:Hooli:GroupTermLife                    -24.32 USD
  Expenses:Health:Life:GroupTermLife                24.32 USD
  Expenses:Health:Dental:Insurance                   2.90 USD
  Expenses:Health:Medical:Insurance                 27.38 USD
  Expenses:Health:Vision:Insurance                  42.30 USD
  Expenses:Taxes:Y2024:US:Medicare                 106.62 USD
  Expenses:Taxes:Y2024:US:Federal                 1062.92 USD
  Expenses:Taxes:Y2024:US:State                    365.08 USD
  Expenses:Taxes:Y2024:US:CityNYC                  174.92 USD
  Expenses:Taxes:Y2024:US:SDI                        1.12 USD
  Expenses:Taxes:Y2024:US:SocSec                   281.54 USD
  Assets:US:Hooli:Vacation                              5 VACHR
  Income:US:Hooli:Vacation                             -5 VACHR

2024-10-24 * "Hooli" "Payroll"
  Assets:US:BofA:Checking                         2550.60 USD
  Income:US:Hooli:Salary                         -4615.38 USD
  Income:US:Hooli:GroupTermLife                    -24.32 USD
  Expenses:Health:Life:GroupTermLife                24.32 USD
  Expenses:Health:Dental:Insurance                   2.90 USD
  Expenses:Health:Medical:Insurance                 27.38 USD
  Expenses:Health:Vision:Insurance                  42.30 USD
  Expenses:Taxes:Y2024:US:Medicare                 106.62 USD
  Expenses:Taxes:Y2024:US:Federal                 1062.92 USD
  Expenses:Taxes:Y2024:US:State                    365.08 USD
  Expenses:Taxes:Y2024:US:CityNYC                  174.92 USD
  Expenses:Taxes:Y2024:US:SDI                        1.12 USD
  Expenses:Taxes:Y2024:US:SocSec                   281.54 USD
  Assets:US:Hooli:Vacation                              5 VACHR
  Income:US:Hooli:Vacation                             -5 VACHR

2024-11-07 * "Hooli" "Payroll"
  Assets:US:BofA:Checking                         2550.60 USD
  Income:US:Hooli:Salary                         -4615.38 USD
  Income:US:Hooli:GroupTermLife                    -24.32 USD
  Expenses:Health:Life:GroupTermLife                24.32 USD
  Expenses:Health:Dental:Insurance                   2.90 USD
  Expenses:Health:Medical:Insurance                 27.38 USD
  Expenses:Health:Vision:Insurance                  42.30 USD
  Expenses:Taxes:Y2024:US:Medicare                 106.62 USD
  Expenses:Taxes:Y2024:US:Federal                 1062.92 USD
  Expenses:Taxes:Y2024:US:State                    365.08 USD
  Expenses:Taxes:Y2024:US:CityNYC                  174.92 USD
  Expenses:Taxes:Y2024:US:SDI                        1.12 USD
  Expenses:Taxes:Y2024:US:SocSec                   281.54 USD
  Assets:US:Hooli:Vacation                              5 VACHR
  Income:US:Hooli:Vacation                             -5 VACHR

2024-11-21 * "Hooli" "Payroll"
  Assets:US:BofA:Checking                         2550.60 USD
  Income:US:Hooli:Salary                         -4615.38 USD
  Income:US:Hooli:GroupTermLife                    -24.32 USD
  Expenses:Health:Life:GroupTermLife                24.32 USD
  Expenses:Health:Dental:Insurance                   2.90 USD
  Expenses:Health:Medical:Insurance                 27.38 USD
  Expenses:Health:Vision:Insurance                  42.30 USD
  Expenses:Taxes:Y2024:US:Medicare                 106.62 USD
  Expenses:Taxes:Y2024:US:Federal                 1062.92 USD
  Expenses:Taxes:Y2024:US:State                    365.08 USD
  Expenses:Taxes:Y2024:US:CityNYC                  174.92 USD
  Expenses:Taxes:Y2024:US:SDI                        1.12 USD
  Expenses:Taxes:Y2024:US:SocSec                   281.54 USD
  Assets:US:Hooli:Vacation                              5 VACHR
  Income:US:Hooli:Vacation                             -5 VACHR

2024-12-05 * "Hooli" "Payroll"
  Assets:US:BofA:Checking                         2589.06 USD
  Income:US:Hooli:Salary                         -4615.38 USD
  Income:US:Hooli:GroupTermLife                    -24.32 USD
  Expenses:Health:Life:GroupTermLife                24.32 USD
  Expenses:Health:Dental:Insurance                   2.90 USD
  Expenses:Health:Medical:Insurance                 27.38 USD
  Expenses:Health:Vision:Insurance                  42.30 USD
  Expenses:Taxes:Y2024:US:Medicare                 106.62 USD
  Expenses:Taxes:Y2024:US:Federal                 1062.92 USD
  Expenses:Taxes:Y2024:US:State                    365.08 USD
  Expenses:Taxes:Y2024:US:CityNYC                  174.92 USD
  Expenses:Taxes:Y2024:US:SDI                        1.12 USD
  Expenses:Taxes:Y2024:US:SocSec                   243.08 USD
  Assets:US:Hooli:Vacation                              5 VACHR
  Income:US:Hooli:Vacation                             -5 VACHR

2024-12-19 * "Hooli" "Payroll"
  Assets:US:BofA:Checking                         2832.14 USD
  Income:US:Hooli:Salary                         -4615.38 USD
  Income:US:Hooli:GroupTermLife                    -24.32 USD
  Expenses:Health:Life:GroupTermLife                24.32 USD
  Expenses:Health:Dental:Insurance                   2.90 USD
  Expenses:Health:Medical:Insurance                 27.38 USD
  Expenses:Health:Vision:Insurance                  42.30 USD
  Expenses:Taxes:Y2024:US:Medicare                 106.62 USD
  Expenses:Taxes:Y2024:US:Federal                 1062.92 USD
  Expenses:Taxes:Y2024:US:State                    365.08 USD
  Expenses:Taxes:Y2024:US:CityNYC                  174.92 USD
  Expenses:Taxes:Y2024:US:SDI                        1.12 USD
  Expenses:Taxes:Y2024:US:SocSec                     0.00 USD
  Assets:US:Hooli:Vacation                              5 VACHR
  Income:US:Hooli:Vacation                             -5 VACHR

2025-01-02 * "Hooli" "Payroll"
  Assets:US:BofA:Checking                         1350.60 USD
  Assets:US:Vanguard:Cash                         1200.00 USD
  Income:US:Hooli:Salary                         -4615.38 USD
  Income:US:Hooli:GroupTermLife                    -24.32 USD
  Expenses:Health:Life:GroupTermLife                24.32 USD
  Expenses:Health:Dental:Insurance                   2.90 USD
  Expenses:Health:Medical:Insurance                 27.38 USD
  Expenses:Health:Vision:Insurance                  42.30 USD
  Expenses:Taxes:Y2025:US:Medicare                 106.62 USD
  Expenses:Taxes:Y2025:US:Federal                 1062.92 USD
  Expenses:Taxes:Y2025:US:State                    365.08 USD
  Expenses:Taxes:Y2025:US:CityNYC                  174.92 USD
  Expenses:Taxes:Y2025:US:SDI                        1.12 USD
  Expenses:Taxes:Y2025:US:SocSec                   281.54 USD
  Assets:US:Federal:PreTax401k                   -1200.00 IRAUSD
  Expenses:Taxes:Y2025:US:Federal:PreTax401k      1200.00 IRAUSD
  Assets:US:Hooli:Vacation                              5 VACHR
  Income:US:Hooli:Vacation                             -5 VACHR

2025-01-16 * "Hooli" "Payroll"
  Assets:US:BofA:Checking                         1350.60 USD
  Assets:US:Vanguard:Cash                         1200.00 USD
  Income:US:Hooli:Salary                         -4615.38 USD
  Income:US:Hooli:GroupTermLife                    -24.32 USD
  Expenses:Health:Life:GroupTermLife                24.32 USD
  Expenses:Health:Dental:Insurance                   2.90 USD
  Expenses:Health:Medical:Insurance                 27.38 USD
  Expenses:Health:Vision:Insurance                  42.30 USD
  Expenses:Taxes:Y2025:US:Medicare                 106.62 USD
  Expenses:Taxes:Y2025:US:Federal                 1062.92 USD
  Expenses:Taxes:Y2025:US:State                    365.08 USD
  Expenses:Taxes:Y2025:US:CityNYC                  174.92 USD
  Expenses:Taxes:Y2025:US:SDI                        1.12 USD
  Expenses:Taxes:Y2025:US:SocSec                   281.54 USD
  Assets:US:Federal:PreTax401k                   -1200.00 IRAUSD
  Expenses:Taxes:Y2025:US:Federal:PreTax401k      1200.00 IRAUSD
  Assets:US:Hooli:Vacation                              5 VACHR
  Income:US:Hooli:Vacation                             -5 VACHR

2025-01-30 * "Hooli" "Payroll"
  Assets:US:BofA:Checking                         1350.60 USD
  Assets:US:Vanguard:Cash                         1200.00 USD
  Income:US:Hooli:Salary                         -4615.38 USD
  Income:US:Hooli:GroupTermLife                    -24.32 USD
  Expenses:Health:Life:GroupTermLife                24.32 USD
  Expenses:Health:Dental:Insurance                   2.90 USD
  Expenses:Health:Medical:Insurance                 27.38 USD
  Expenses:Health:Vision:Insurance                  42.30 USD
  Expenses:Taxes:Y2025:US:Medicare                 106.62 USD
  Expenses:Taxes:Y2025:US:Federal                 1062.92 USD
  Expenses:Taxes:Y2025:US:State                    365.08 USD
  Expenses:Taxes:Y2025:US:CityNYC                  174.92 USD
  Expenses:Taxes:Y2025:US:SDI                        1.12 USD
  Expenses:Taxes:Y2025:US:SocSec                   281.54 USD
  Assets:US:Federal:PreTax401k                   -1200.00 IRAUSD
  Expenses:Taxes:Y2025:US:Federal:PreTax401k      1200.00 IRAUSD
  Assets:US:Hooli:Vacation                              5 VACHR
  Income:US:Hooli:Vacation                             -5 VACHR

2025-02-13 * "Hooli" "Payroll"
  Assets:US:BofA:Checking                         1350.60 USD
  Assets:US:Vanguard:Cash                         1200.00 USD
  Income:US:Hooli:Salary                         -4615.38 USD
  Income:US:Hooli:GroupTermLife                    -24.32 USD
  Expenses:Health:Life:GroupTermLife                24.32 USD
  Expenses:Health:Dental:Insurance                   2.90 USD
  Expenses:Health:Medical:Insurance                 27.38 USD
  Expenses:Health:Vision:Insurance                  42.30 USD
  Expenses:Taxes:Y2025:US:Medicare                 106.62 USD
  Expenses:Taxes:Y2025:US:Federal                 1062.92 USD
  Expenses:Taxes:Y2025:US:State                    365.08 USD
  Expenses:Taxes:Y2025:US:CityNYC                  174.92 USD
  Expenses:Taxes:Y2025:US:SDI                        1.12 USD
  Expenses:Taxes:Y2025:US:SocSec                   281.54 USD
  Assets:US:Federal:PreTax401k                   -1200.00 IRAUSD
  Expenses:Taxes:Y2025:US:Federal:PreTax401k      1200.00 IRAUSD
  Assets:US:Hooli:Vacation                              5 VACHR
  Income:US:Hooli:Vacation                             -5 VACHR

2025-02-27 * "Hooli" "Payroll"
  Assets:US:BofA:Checking                         1350.60 USD
  Assets:US:Vanguard:Cash                         1200.00 USD
  Income:US:Hooli:Salary                         -4615.38 USD
  Income:US:Hooli:GroupTermLife                    -24.32 USD
  Expenses:Health:Life:GroupTermLife                24.32 USD
  Expenses:Health:Dental:Insurance                   2.90 USD
  Expenses:Health:Medical:Insurance                 27.38 USD
  Expenses:Health:Vision:Insurance                  42.30 USD
  Expenses:Taxes:Y2025:US:Medicare                 106.62 USD
  Expenses:Taxes:Y2025:US:Federal                 1062.92 USD
  Expenses:Taxes:Y2025:US:State                    365.08 USD
  Expenses:Taxes:Y2025:US:CityNYC                  174.92 USD
  Expenses:Taxes:Y2025:US:SDI                        1.12 USD
  Expenses:Taxes:Y2025:US:SocSec                   281.54 USD
  Assets:US:Federal:PreTax401k                   -1200.00 IRAUSD
  Expenses:Taxes:Y2025:US:Federal:PreTax401k      1200.00 IRAUSD
  Assets:US:Hooli:Vacation                              5 VACHR
  Income:US:Hooli:Vacation                             -5 VACHR

2025-03-13 * "Hooli" "Payroll"
  Assets:US:BofA:Checking                         1350.60 USD
  Assets:US:Vanguard:Cash                         1200.00 USD
  Income:US:Hooli:Salary                         -4615.38 USD
  Income:US:Hooli:GroupTermLife                    -24.32 USD
  Expenses:Health:Life:GroupTermLife                24.32 USD
  Expenses:Health:Dental:Insurance                   2.90 USD
  Expenses:Health:Medical:Insurance                 27.38 USD
  Expenses:Health:Vision:Insurance                  42.30 USD
  Expenses:Taxes:Y2025:US:Medicare                 106.62 USD
  Expenses:Taxes:Y2025:US:Federal                 1062.92 USD
  Expenses:Taxes:Y2025:US:State                    365.08 USD
  Expenses:Taxes:Y2025:US:CityNYC                  174.92 USD
  Expenses:Taxes:Y2025:US:SDI                        1.12 USD
  Expenses:Taxes:Y2025:US:SocSec                   281.54 USD
  Assets:US:Federal:PreTax401k                   -1200.00 IRAUSD
  Expenses:Taxes:Y2025:US:Federal:PreTax401k      1200.00 IRAUSD
  Assets:US:Hooli:Vacation                              5 VACHR
  Income:US:Hooli:Vacation                             -5 VACHR

2025-03-27 * "Hooli" "Payroll"
  Assets:US:BofA:Checking                         1350.60 USD
  Assets:US:Vanguard:Cash                         1200.00 USD
  Income:US:Hooli:Salary                         -4615.38 USD
  Income:US:Hooli:GroupTermLife                    -24.32 USD
  Expenses:Health:Life:GroupTermLife                24.32 USD
  Expenses:Health:Dental:Insurance                   2.90 USD
  Expenses:Health:Medical:Insurance                 27.38 USD
  Expenses:Health:Vision:Insurance                  42.30 USD
  Expenses:Taxes:Y2025:US:Medicare                 106.62 USD
  Expenses:Taxes:Y2025:US:Federal                 1062.92 USD
  Expenses:Taxes:Y2025:US:State                    365.08 USD
  Expenses:Taxes:Y2025:US:CityNYC                  174.92 USD
  Expenses:Taxes:Y2025:US:SDI                        1.12 USD
  Expenses:Taxes:Y2025:US:SocSec                   281.54 USD
  Assets:US:Federal:PreTax401k                   -1200.00 IRAUSD
  Expenses:Taxes:Y2025:US:Federal:PreTax401k      1200.00 IRAUSD
  Assets:US:Hooli:Vacation                              5 VACHR
  Income:US:Hooli:Vacation                             -5 VACHR

2025-04-10 * "Hooli" "Payroll"
  Assets:US:BofA:Checking                         1350.60 USD
  Assets:US:Vanguard:Cash                         1200.00 USD
  Income:US:Hooli:Salary                         -4615.38 USD
  Income:US:Hooli:GroupTermLife                    -24.32 USD
  Expenses:Health:Life:GroupTermLife                24.32 USD
  Expenses:Health:Dental:Insurance                   2.90 USD
  Expenses:Health:Medical:Insurance                 27.38 USD
  Expenses:Health:Vision:Insurance                  42.30 USD
  Expenses:Taxes:Y2025:US:Medicare                 106.62 USD
  Expenses:Taxes:Y2025:US:Federal                 1062.92 USD
  Expenses:Taxes:Y2025:US:State                    365.08 USD
  Expenses:Taxes:Y2025:US:CityNYC                  174.92 USD
  Expenses:Taxes:Y2025:US:SDI                        1.12 USD
  Expenses:Taxes:Y2025:US:SocSec                   281.54 USD
  Assets:US:Federal:PreTax401k                   -1200.00 IRAUSD
  Expenses:Taxes:Y2025:US:Federal:PreTax401k      1200.00 IRAUSD
  Assets:US:Hooli:Vacation                              5 VACHR
  Income:US:Hooli:Vacation                             -5 VACHR

2025-04-24 * "Hooli" "Payroll"
  Assets:US:BofA:Checking                         1350.60 USD
  Assets:US:Vanguard:Cash                         1200.00 USD
  Income:US:Hooli:Salary                         -4615.38 USD
  Income:US:Hooli:GroupTermLife                    -24.32 USD
  Expenses:Health:Life:GroupTermLife                24.32 USD
  Expenses:Health:Dental:Insurance                   2.90 USD
  Expenses:Health:Medical:Insurance                 27.38 USD
  Expenses:Health:Vision:Insurance                  42.30 USD
  Expenses:Taxes:Y2025:US:Medicare                 106.62 USD
  Expenses:Taxes:Y2025:US:Federal                 1062.92 USD
  Expenses:Taxes:Y2025:US:State                    365.08 USD
  Expenses:Taxes:Y2025:US:CityNYC                  174.92 USD
  Expenses:Taxes:Y2025:US:SDI                        1.12 USD
  Expenses:Taxes:Y2025:US:SocSec                   281.54 USD
  Assets:US:Federal:PreTax401k                   -1200.00 IRAUSD
  Expenses:Taxes:Y2025:US:Federal:PreTax401k      1200.00 IRAUSD
  Assets:US:Hooli:Vacation                              5 VACHR
  Income:US:Hooli:Vacation                             -5 VACHR

2025-05-08 * "Hooli" "Payroll"
  Assets:US:BofA:Checking                         1350.60 USD
  Assets:US:Vanguard:Cash                         1200.00 USD
  Income:US:Hooli:Salary                         -4615.38 USD
  Income:US:Hooli:GroupTermLife                    -24.32 USD
  Expenses:Health:Life:GroupTermLife                24.32 USD
  Expenses:Health:Dental:Insurance                   2.90 USD
  Expenses:Health:Medical:Insurance                 27.38 USD
  Expenses:Health:Vision:Insurance                  42.30 USD
  Expenses:Taxes:Y2025:US:Medicare                 106.62 USD
  Expenses:Taxes:Y2025:US:Federal                 1062.92 USD
  Expenses:Taxes:Y2025:US:State                    365.08 USD
  Expenses:Taxes:Y2025:US:CityNYC                  174.92 USD
  Expenses:Taxes:Y2025:US:SDI                        1.12 USD
  Expenses:Taxes:Y2025:US:SocSec                   281.54 USD
  Assets:US:Federal:PreTax401k                   -1200.00 IRAUSD
  Expenses:Taxes:Y2025:US:Federal:PreTax401k      1200.00 IRAUSD
  Assets:US:Hooli:Vacation                              5 VACHR
  Income:US:Hooli:Vacation                             -5 VACHR

2025-05-22 * "Hooli" "Payroll"
  Assets:US:BofA:Checking                         1350.60 USD
  Assets:US:Vanguard:Cash                         1200.00 USD
  Income:US:Hooli:Salary                         -4615.38 USD
  Income:US:Hooli:GroupTermLife                    -24.32 USD
  Expenses:Health:Life:GroupTermLife                24.32 USD
  Expenses:Health:Dental:Insurance                   2.90 USD
  Expenses:Health:Medical:Insurance                 27.38 USD
  Expenses:Health:Vision:Insurance                  42.30 USD
  Expenses:Taxes:Y2025:US:Medicare                 106.62 USD
  Expenses:Taxes:Y2025:US:Federal                 1062.92 USD
  Expenses:Taxes:Y2025:US:State                    365.08 USD
  Expenses:Taxes:Y2025:US:CityNYC                  174.92 USD
  Expenses:Taxes:Y2025:US:SDI                        1.12 USD
  Expenses:Taxes:Y2025:US:SocSec                   281.54 USD
  Assets:US:Federal:PreTax401k                   -1200.00 IRAUSD
  Expenses:Taxes:Y2025:US:Federal:PreTax401k      1200.00 IRAUSD
  Assets:US:Hooli:Vacation                              5 VACHR
  Income:US:Hooli:Vacation                             -5 VACHR

2025-06-05 * "Hooli" "Payroll"
  Assets:US:BofA:Checking                         1350.60 USD
  Assets:US:Vanguard:Cash                         1200.00 USD
  Income:US:Hooli:Salary                         -4615.38 USD
  Income:US:Hooli:GroupTermLife                    -24.32 USD
  Expenses:Health:Life:GroupTermLife                24.32 USD
  Expenses:Health:Dental:Insurance                   2.90 USD
  Expenses:Health:Medical:Insurance                 27.38 USD
  Expenses:Health:Vision:Insurance                  42.30 USD
  Expenses:Taxes:Y2025:US:Medicare                 106.62 USD
  Expenses:Taxes:Y2025:US:Federal                 1062.92 USD
  Expenses:Taxes:Y2025:US:State                    365.08 USD
  Expenses:Taxes:Y2025:US:CityNYC                  174.92 USD
  Expenses:Taxes:Y2025:US:SDI                        1.12 USD
  Expenses:Taxes:Y2025:US:SocSec                   281.54 USD
  Assets:US:Federal:PreTax401k                   -1200.00 IRAUSD
  Expenses:Taxes:Y2025:US:Federal:PreTax401k      1200.00 IRAUSD
  Assets:US:Hooli:Vacation                              5 VACHR
  Income:US:Hooli:Vacation                             -5 VACHR

2025-06-19 * "Hooli" "Payroll"
  Assets:US:BofA:Checking                         1350.60 USD
  Assets:US:Vanguard:Cash                         1200.00 USD
  Income:US:Hooli:Salary                         -4615.38 USD
  Income:US:Hooli:GroupTermLife                    -24.32 USD
  Expenses:Health:Life:GroupTermLife                24.32 USD
  Expenses:Health:Dental:Insurance                   2.90 USD
  Expenses:Health:Medical:Insurance                 27.38 USD
  Expenses:Health:Vision:Insurance                  42.30 USD
  Expenses:Taxes:Y2025:US:Medicare                 106.62 USD
  Expenses:Taxes:Y2025:US:Federal                 1062.92 USD
  Expenses:Taxes:Y2025:US:State                    365.08 USD
  Expenses:Taxes:Y2025:US:CityNYC                  174.92 USD
  Expenses:Taxes:Y2025:US:SDI                        1.12 USD
  Expenses:Taxes:Y2025:US:SocSec                   281.54 USD
  Assets:US:Federal:PreTax401k                   -1200.00 IRAUSD
  Expenses:Taxes:Y2025:US:Federal:PreTax401k      1200.00 IRAUSD
  Assets:US:Hooli:Vacation                              5 VACHR
  Income:US:Hooli:Vacation                             -5 VACHR

2025-07-03 * "Hooli" "Payroll"
  Assets:US:BofA:Checking                         1350.60 USD
  Assets:US:Vanguard:Cash                         1200.00 USD
  Income:US:Hooli:Salary                         -4615.38 USD
  Income:US:Hooli:GroupTermLife                    -24.32 USD
  Expenses:Health:Life:GroupTermLife                24.32 USD
  Expenses:Health:Dental:Insurance                   2.90 USD
  Expenses:Health:Medical:Insurance                 27.38 USD
  Expenses:Health:Vision:Insurance                  42.30 USD
  Expenses:Taxes:Y2025:US:Medicare                 106.62 USD
  Expenses:Taxes:Y2025:US:Federal                 1062.92 USD
  Expenses:Taxes:Y2025:US:State                    365.08 USD
  Expenses:Taxes:Y2025:US:CityNYC                  174.92 USD
  Expenses:Taxes:Y2025:US:SDI                        1.12 USD
  Expenses:Taxes:Y2025:US:SocSec                   281.54 USD
  Assets:US:Federal:PreTax401k                   -1200.00 IRAUSD
  Expenses:Taxes:Y2025:US:Federal:PreTax401k      1200.00 IRAUSD
  Assets:US:Hooli:Vacation                              5 VACHR
  Income:US:Hooli:Vacation                             -5 VACHR

2025-07-17 * "Hooli" "Payroll"
  Assets:US:BofA:Checking                         1350.60 USD
  Assets:US:Vanguard:Cash                         1200.00 USD
  Income:US:Hooli:Salary                         -4615.38 USD
  Income:US:Hooli:GroupTermLife                    -24.32 USD
  Expenses:Health:Life:GroupTermLife                24.32 USD
  Expenses:Health:Dental:Insurance                   2.90 USD
  Expenses:Health:Medical:Insurance                 27.38 USD
  Expenses:Health:Vision:Insurance                  42.30 USD
  Expenses:Taxes:Y2025:US:Medicare                 106.62 USD
  Expenses:Taxes:Y2025:US:Federal                 1062.92 USD
  Expenses:Taxes:Y2025:US:State                    365.08 USD
  Expenses:Taxes:Y2025:US:CityNYC                  174.92 USD
  Expenses:Taxes:Y2025:US:SDI                        1.12 USD
  Expenses:Taxes:Y2025:US:SocSec                   281.54 USD
  Assets:US:Federal:PreTax401k                   -1200.00 IRAUSD
  Expenses:Taxes:Y2025:US:Federal:PreTax401k      1200.00 IRAUSD
  Assets:US:Hooli:Vacation                              5 VACHR
  Income:US:Hooli:Vacation                             -5 VACHR

2025-07-31 * "Hooli" "Payroll"
  Assets:US:BofA:Checking                         2050.60 USD
  Assets:US:Vanguard:Cash                          500.00 USD
  Income:US:Hooli:Salary                         -4615.38 USD
  Income:US:Hooli:GroupTermLife                    -24.32 USD
  Expenses:Health:Life:GroupTermLife                24.32 USD
  Expenses:Health:Dental:Insurance                   2.90 USD
  Expenses:Health:Medical:Insurance                 27.38 USD
  Expenses:Health:Vision:Insurance                  42.30 USD
  Expenses:Taxes:Y2025:US:Medicare                 106.62 USD
  Expenses:Taxes:Y2025:US:Federal                 1062.92 USD
  Expenses:Taxes:Y2025:US:State                    365.08 USD
  Expenses:Taxes:Y2025:US:CityNYC                  174.92 USD
  Expenses:Taxes:Y2025:US:SDI                        1.12 USD
  Expenses:Taxes:Y2025:US:SocSec                   281.54 USD
  Assets:US:Federal:PreTax401k                    -500.00 IRAUSD
  Expenses:Taxes:Y2025:US:Federal:PreTax401k       500.00 IRAUSD
  Assets:US:Hooli:Vacation                              5 VACHR
  Income:US:Hooli:Vacation                             -5 VACHR

2025-08-14 * "Hooli" "Payroll"
  Assets:US:BofA:Checking                         2550.60 USD
  Income:US:Hooli:Salary                         -4615.38 USD
  Income:US:Hooli:GroupTermLife                    -24.32 USD
  Expenses:Health:Life:GroupTermLife                24.32 USD
  Expenses:Health:Dental:Insurance                   2.90 USD
  Expenses:Health:Medical:Insurance                 27.38 USD
  Expenses:Health:Vision:Insurance                  42.30 USD
  Expenses:Taxes:Y2025:US:Medicare                 106.62 USD
  Expenses:Taxes:Y2025:US:Federal                 1062.92 USD
  Expenses:Taxes:Y2025:US:State                    365.08 USD
  Expenses:Taxes:Y2025:US:CityNYC                  174.92 USD
  Expenses:Taxes:Y2025:US:SDI                        1.12 USD
  Expenses:Taxes:Y2025:US:SocSec                   281.54 USD
  Assets:US:Hooli:Vacation                              5 VACHR
  Income:US:Hooli:Vacation                             -5 VACHR

2025-08-28 * "Hooli" "Payroll"
  Assets:US:BofA:Checking                         2550.60 USD
  Income:US:Hooli:Salary                         -4615.38 USD
  Income:US:Hooli:GroupTermLife                    -24.32 USD
  Expenses:Health:Life:GroupTermLife                24.32 USD
  Expenses:Health:Dental:Insurance                   2.90 USD
  Expenses:Health:Medical:Insurance                 27.38 USD
  Expenses:Health:Vision:Insurance                  42.30 USD
  Expenses:Taxes:Y2025:US:Medicare                 106.62 USD
  Expenses:Taxes:Y2025:US:Federal                 1062.92 USD
  Expenses:Taxes:Y2025:US:State                    365.08 USD
  Expenses:Taxes:Y2025:US:CityNYC                  174.92 USD
  Expenses:Taxes:Y2025:US:SDI                        1.12 USD
  Expenses:Taxes:Y2025:US:SocSec                   281.54 USD
  Assets:US:Hooli:Vacation                              5 VACHR
  Income:US:Hooli:Vacation                             -5 VACHR

2025-09-11 * "Hooli" "Payroll"
  Assets:US:BofA:Checking                         2550.60 USD
  Income:US:Hooli:Salary                         -4615.38 USD
  Income:US:Hooli:GroupTermLife                    -24.32 USD
  Expenses:Health:Life:GroupTermLife                24.32 USD
  Expenses:Health:Dental:Insurance                   2.90 USD
  Expenses:Health:Medical:Insurance                 27.38 USD
  Expenses:Health:Vision:Insurance                  42.30 USD
  Expenses:Taxes:Y2025:US:Medicare                 106.62 USD
  Expenses:Taxes:Y2025:US:Federal                 1062.92 USD
  Expenses:Taxes:Y2025:US:State                    365.08 USD
  Expenses:Taxes:Y2025:US:CityNYC                  174.92 USD
  Expenses:Taxes:Y2025:US:SDI                        1.12 USD
  Expenses:Taxes:Y2025:US:SocSec                   281.54 USD
  Assets:US:Hooli:Vacation                              5 VACHR
  Income:US:Hooli:Vacation                             -5 VACHR

2025-09-25 * "Hooli" "Payroll"
  Assets:US:BofA:Checking                         2550.60 USD
  Income:US:Hooli:Salary                         -4615.38 USD
  Income:US:Hooli:GroupTermLife                    -24.32 USD
  Expenses:Health:Life:GroupTermLife                24.32 USD
  Expenses:Health:Dental:Insurance                   2.90 USD
  Expenses:Health:Medical:Insurance                 27.38 USD
  Expenses:Health:Vision:Insurance                  42.30 USD
  Expenses:Taxes:Y2025:US:Medicare                 106.62 USD
  Expenses:Taxes:Y2025:US:Federal                 1062.92 USD
  Expenses:Taxes:Y2025:US:State                    365.08 USD
  Expenses:Taxes:Y2025:US:CityNYC                  174.92 USD
  Expenses:Taxes:Y2025:US:SDI                        1.12 USD
  Expenses:Taxes:Y2025:US:SocSec                   281.54 USD
  Assets:US:Hooli:Vacation                              5 VACHR
  Income:US:Hooli:Vacation                             -5 VACHR

2025-10-09 * "Hooli" "Payroll"
  Assets:US:BofA:Checking                         2550.60 USD
  Income:US:Hooli:Salary                         -4615.38 USD
  Income:US:Hooli:GroupTermLife                    -24.32 USD
  Expenses:Health:Life:GroupTermLife                24.32 USD
  Expenses:Health:Dental:Insurance                   2.90 USD
  Expenses:Health:Medical:Insurance                 27.38 USD
  Expenses:Health:Vision:Insurance                  42.30 USD
  Expenses:Taxes:Y2025:US:Medicare                 106.62 USD
  Expenses:Taxes:Y2025:US:Federal                 1062.92 USD
  Expenses:Taxes:Y2025:US:State                    365.08 USD
  Expenses:Taxes:Y2025:US:CityNYC                  174.92 USD
  Expenses:Taxes:Y2025:US:SDI                        1.12 USD
  Expenses:Taxes:Y2025:US:SocSec                   281.54 USD
  Assets:US:Hooli:Vacation                              5 VACHR
  Income:US:Hooli:Vacation                             -5 VACHR

2025-10-23 * "Hooli" "Payroll"
  Assets:US:BofA:Checking                         2550.60 USD
  Income:US:Hooli:Salary                         -4615.38 USD
  Income:US:Hooli:GroupTermLife                    -24.32 USD
  Expenses:Health:Life:GroupTermLife                24.32 USD
  Expenses:Health:Dental:Insurance                   2.90 USD
  Expenses:Health:Medical:Insurance                 27.38 USD
  Expenses:Health:Vision:Insurance                  42.30 USD
  Expenses:Taxes:Y2025:US:Medicare                 106.62 USD
  Expenses:Taxes:Y2025:US:Federal                 1062.92 USD
  Expenses:Taxes:Y2025:US:State                    365.08 USD
  Expenses:Taxes:Y2025:US:CityNYC                  174.92 USD
  Expenses:Taxes:Y2025:US:SDI                        1.12 USD
  Expenses:Taxes:Y2025:US:SocSec                   281.54 USD
  Assets:US:Hooli:Vacation                              5 VACHR
  Income:US:Hooli:Vacation                             -5 VACHR

2025-11-06 * "Hooli" "Payroll"
  Assets:US:BofA:Checking                         2550.60 USD
  Income:US:Hooli:Salary                         -4615.38 USD
  Income:US:Hooli:GroupTermLife                    -24.32 USD
  Expenses:Health:Life:GroupTermLife                24.32 USD
  Expenses:Health:Dental:Insurance                   2.90 USD
  Expenses:Health:Medical:Insurance                 27.38 USD
  Expenses:Health:Vision:Insurance                  42.30 USD
  Expenses:Taxes:Y2025:US:Medicare                 106.62 USD
  Expenses:Taxes:Y2025:US:Federal                 1062.92 USD
  Expenses:Taxes:Y2025:US:State                    365.08 USD
  Expenses:Taxes:Y2025:US:CityNYC                  174.92 USD
  Expenses:Taxes:Y2025:US:SDI                        1.12 USD
  Expenses:Taxes:Y2025:US:SocSec                   281.54 USD
  Assets:US:Hooli:Vacation                              5 VACHR
  Income:US:Hooli:Vacation                             -5 VACHR

2025-11-20 * "Hooli" "Payroll"
  Assets:US:BofA:Checking                         2550.60 USD
  Income:US:Hooli:Salary                         -4615.38 USD
  Income:US:Hooli:GroupTermLife                    -24.32 USD
  Expenses:Health:Life:GroupTermLife                24.32 USD
  Expenses:Health:Dental:Insurance                   2.90 USD
  Expenses:Health:Medical:Insurance                 27.38 USD
  Expenses:Health:Vision:Insurance                  42.30 USD
  Expenses:Taxes:Y2025:US:Medicare                 106.62 USD
  Expenses:Taxes:Y2025:US:Federal                 1062.92 USD
  Expenses:Taxes:Y2025:US:State                    365.08 USD
  Expenses:Taxes:Y2025:US:CityNYC                  174.92 USD
  Expenses:Taxes:Y2025:US:SDI                        1.12 USD
  Expenses:Taxes:Y2025:US:SocSec                   281.54 USD
  Assets:US:Hooli:Vacation                              5 VACHR
  Income:US:Hooli:Vacation                             -5 VACHR

2025-12-04 * "Hooli" "Payroll"
  Assets:US:BofA:Checking                         2589.06 USD
  Income:US:Hooli:Salary                         -4615.38 USD
  Income:US:Hooli:GroupTermLife                    -24.32 USD
  Expenses:Health:Life:GroupTermLife                24.32 USD
  Expenses:Health:Dental:Insurance                   2.90 USD
  Expenses:Health:Medical:Insurance                 27.38 USD
  Expenses:Health:Vision:Insurance                  42.30 USD
  Expenses:Taxes:Y2025:US:Medicare                 106.62 USD
  Expenses:Taxes:Y2025:US:Federal                 1062.92 USD
  Expenses:Taxes:Y2025:US:State                    365.08 USD
  Expenses:Taxes:Y2025:US:CityNYC                  174.92 USD
  Expenses:Taxes:Y2025:US:SDI                        1.12 USD
  Expenses:Taxes:Y2025:US:SocSec                   243.08 USD
  Assets:US:Hooli:Vacation                              5 VACHR
  Income:US:Hooli:Vacation                             -5 VACHR

2025-12-18 * "Hooli" "Payroll"
  Assets:US:BofA:Checking                         2832.14 USD
  Income:US:Hooli:Salary                         -4615.38 USD
  Income:US:Hooli:GroupTermLife                    -24.32 USD
  Expenses:Health:Life:GroupTermLife                24.32 USD
  Expenses:Health:Dental:Insurance                   2.90 USD
  Expenses:Health:Medical:Insurance                 27.38 USD
  Expenses:Health:Vision:Insurance                  42.30 USD
  Expenses:Taxes:Y2025:US:Medicare                 106.62 USD
  Expenses:Taxes:Y2025:US:Federal                 1062.92 USD
  Expenses:Taxes:Y2025:US:State                    365.08 USD
  Expenses:Taxes:Y2025:US:CityNYC                  174.92 USD
  Expenses:Taxes:Y2025:US:SDI                        1.12 USD
  Expenses:Taxes:Y2025:US:SocSec                     0.00 USD
  Assets:US:Hooli:Vacation                              5 VACHR
  Income:US:Hooli:Vacation                             -5 VACHR

2026-01-01 * "Hooli" "Payroll"
  Assets:US:BofA:Checking                         1350.60 USD
  Assets:US:Vanguard:Cash                         1200.00 USD
  Income:US:Hooli:Salary                         -4615.38 USD
  Income:US:Hooli:GroupTermLife                    -24.32 USD
  Expenses:Health:Life:GroupTermLife                24.32 USD
  Expenses:Health:Dental:Insurance                   2.90 USD
  Expenses:Health:Medical:Insurance                 27.38 USD
  Expenses:Health:Vision:Insurance                  42.30 USD
  Expenses:Taxes:Y2026:US:Medicare                 106.62 USD
  Expenses:Taxes:Y2026:US:Federal                 1062.92 USD
  Expenses:Taxes:Y2026:US:State                    365.08 USD
  Expenses:Taxes:Y2026:US:CityNYC                  174.92 USD
  Expenses:Taxes:Y2026:US:SDI                        1.12 USD
  Expenses:Taxes:Y2026:US:SocSec                   281.54 USD
  Assets:US:Federal:PreTax401k                   -1200.00 IRAUSD
  Expenses:Taxes:Y2026:US:Federal:PreTax401k      1200.00 IRAUSD
  Assets:US:Hooli:Vacation                              5 VACHR
  Income:US:Hooli:Vacation                             -5 VACHR

2026-01-15 * "Hooli" "Payroll"
  Assets:US:BofA:Checking                         1350.60 USD
  Assets:US:Vanguard:Cash                         1200.00 USD
  Income:US:Hooli:Salary                         -4615.38 USD
  Income:US:Hooli:GroupTermLife                    -24.32 USD
  Expenses:Health:Life:GroupTermLife                24.32 USD
  Expenses:Health:Dental:Insurance                   2.90 USD
  Expenses:Health:Medical:Insurance                 27.38 USD
  Expenses:Health:Vision:Insurance                  42.30 USD
  Expenses:Taxes:Y2026:US:Medicare                 106.62 USD
  Expenses:Taxes:Y2026:US:Federal                 1062.92 USD
  Expenses:Taxes:Y2026:US:State                    365.08 USD
  Expenses:Taxes:Y2026:US:CityNYC                  174.92 USD
  Expenses:Taxes:Y2026:US:SDI                        1.12 USD
  Expenses:Taxes:Y2026:US:SocSec                   281.54 USD
  Assets:US:Federal:PreTax401k                   -1200.00 IRAUSD
  Expenses:Taxes:Y2026:US:Federal:PreTax401k      1200.00 IRAUSD
  Assets:US:Hooli:Vacation                              5 VACHR
  Income:US:Hooli:Vacation                             -5 VACHR

2026-01-29 * "Hooli" "Payroll"
  Assets:US:BofA:Checking                         1350.60 USD
  Assets:US:Vanguard:Cash                         1200.00 USD
  Income:US:Hooli:Salary                         -4615.38 USD
  Income:US:Hooli:GroupTermLife                    -24.32 USD
  Expenses:Health:Life:GroupTermLife                24.32 USD
  Expenses:Health:Dental:Insurance                   2.90 USD
  Expenses:Health:Medical:Insurance                 27.38 USD
  Expenses:Health:Vision:Insurance                  42.30 USD
  Expenses:Taxes:Y2026:US:Medicare                 106.62 USD
  Expenses:Taxes:Y2026:US:Federal                 1062.92 USD
  Expenses:Taxes:Y2026:US:State                    365.08 USD
  Expenses:Taxes:Y2026:US:CityNYC                  174.92 USD
  Expenses:Taxes:Y2026:US:SDI                        1.12 USD
  Expenses:Taxes:Y2026:US:SocSec                   281.54 USD
  Assets:US:Federal:PreTax401k                   -1200.00 IRAUSD
  Expenses:Taxes:Y2026:US:Federal:PreTax401k      1200.00 IRAUSD
  Assets:US:Hooli:Vacation                              5 VACHR
  Income:US:Hooli:Vacation                             -5 VACHR

2026-02-12 * "Hooli" "Payroll"
  Assets:US:BofA:Checking                         1350.60 USD
  Assets:US:Vanguard:Cash                         1200.00 USD
  Income:US:Hooli:Salary                         -4615.38 USD
  Income:US:Hooli:GroupTermLife                    -24.32 USD
  Expenses:Health:Life:GroupTermLife                24.32 USD
  Expenses:Health:Dental:Insurance                   2.90 USD
  Expenses:Health:Medical:Insurance                 27.38 USD
  Expenses:Health:Vision:Insurance                  42.30 USD
  Expenses:Taxes:Y2026:US:Medicare                 106.62 USD
  Expenses:Taxes:Y2026:US:Federal                 1062.92 USD
  Expenses:Taxes:Y2026:US:State                    365.08 USD
  Expenses:Taxes:Y2026:US:CityNYC                  174.92 USD
  Expenses:Taxes:Y2026:US:SDI                        1.12 USD
  Expenses:Taxes:Y2026:US:SocSec                   281.54 USD
  Assets:US:Federal:PreTax401k                   -1200.00 IRAUSD
  Expenses:Taxes:Y2026:US:Federal:PreTax401k      1200.00 IRAUSD
  Assets:US:Hooli:Vacation                              5 VACHR
  Income:US:Hooli:Vacation                             -5 VACHR

2026-02-26 * "Hooli" "Payroll"
  Assets:US:BofA:Checking                         1350.60 USD
  Assets:US:Vanguard:Cash                         1200.00 USD
  Income:US:Hooli:Salary                         -4615.38 USD
  Income:US:Hooli:GroupTermLife                    -24.32 USD
  Expenses:Health:Life:GroupTermLife                24.32 USD
  Expenses:Health:Dental:Insurance                   2.90 USD
  Expenses:Health:Medical:Insurance                 27.38 USD
  Expenses:Health:Vision:Insurance                  42.30 USD
  Expenses:Taxes:Y2026:US:Medicare                 106.62 USD
  Expenses:Taxes:Y2026:US:Federal                 1062.92 USD
  Expenses:Taxes:Y2026:US:State                    365.08 USD
  Expenses:Taxes:Y2026:US:CityNYC                  174.92 USD
  Expenses:Taxes:Y2026:US:SDI                        1.12 USD
  Expenses:Taxes:Y2026:US:SocSec                   281.54 USD
  Assets:US:Federal:PreTax401k                   -1200.00 IRAUSD
  Expenses:Taxes:Y2026:US:Federal:PreTax401k      1200.00 IRAUSD
  Assets:US:Hooli:Vacation                              5 VACHR
  Income:US:Hooli:Vacation                             -5 VACHR

2026-03-12 * "Hooli" "Payroll"
  Assets:US:BofA:Checking                         1350.60 USD
  Assets:US:Vanguard:Cash                         1200.00 USD
  Income:US:Hooli:Salary                         -4615.38 USD
  Income:US:Hooli:GroupTermLife                    -24.32 USD
  Expenses:Health:Life:GroupTermLife                24.32 USD
  Expenses:Health:Dental:Insurance                   2.90 USD
  Expenses:Health:Medical:Insurance                 27.38 USD
  Expenses:Health:Vision:Insurance                  42.30 USD
  Expenses:Taxes:Y2026:US:Medicare                 106.62 USD
  Expenses:Taxes:Y2026:US:Federal                 1062.92 USD
  Expenses:Taxes:Y2026:US:State                    365.08 USD
  Expenses:Taxes:Y2026:US:CityNYC                  174.92 USD
  Expenses:Taxes:Y2026:US:SDI                        1.12 USD
  Expenses:Taxes:Y2026:US:SocSec                   281.54 USD
  Assets:US:Federal:PreTax401k                   -1200.00 IRAUSD
  Expenses:Taxes:Y2026:US:Federal:PreTax401k      1200.00 IRAUSD
  Assets:US:Hooli:Vacation                              5 VACHR
  Income:US:Hooli:Vacation                             -5 VACHR



* Taxes

1980-05-12 open Income:US:Federal:PreTax401k                    IRAUSD
1980-05-12 open Assets:US:Federal:PreTax401k                    IRAUSD



** Tax Year 2024

2024-01-01 open Expenses:Taxes:Y2024:US:Federal:PreTax401k      IRAUSD
2024-01-01 open Expenses:Taxes:Y2024:US:Medicare                USD
2024-01-01 open Expenses:Taxes:Y2024:US:Federal                 USD
2024-01-01 open Expenses:Taxes:Y2024:US:CityNYC                 USD
2024-01-01 open Expenses:Taxes:Y2024:US:SDI                     USD
2024-01-01 open Expenses:Taxes:Y2024:US:State                   USD
2024-01-01 open Expenses:Taxes:Y2024:US:SocSec                  USD

2024-01-01 balance Assets:US:Federal:PreTax401k         0 IRAUSD

2024-01-01 * "Allowed contributions for one year"
  Income:US:Federal:PreTax401k                     -18500 IRAUSD
  Assets:US:Federal:PreTax401k                      18500 IRAUSD

2025-03-21 * "Filing taxes for 2024"
  Expenses:Taxes:Y2024:US:Federal                  609.46 USD
  Expenses:Taxes:Y2024:US:State                    228.52 USD
  Liabilities:AccountsPayable                     -837.98 USD

2025-03-24 * "STATE TAX & FINANC PYMT"
  Assets:US:BofA:Checking                         -228.52 USD
  Liabilities:AccountsPayable                      228.52 USD

2025-03-25 * "FEDERAL TAXPYMT"
  Assets:US:BofA:Checking                         -609.46 USD
  Liabilities:AccountsPayable                      609.46 USD



** Tax Year 2025

2025-01-01 open Expenses:Taxes:Y2025:US:Federal:PreTax401k      IRAUSD
2025-01-01 open Expenses:Taxes:Y2025:US:Medicare                USD
2025-01-01 open Expenses:Taxes:Y2025:US:Federal                 USD
2025-01-01 open Expenses:Taxes:Y2025:US:CityNYC                 USD
2025-01-01 open Expenses:Taxes:Y2025:US:SDI                     USD
2025-01-01 open Expenses:Taxes:Y2025:US:State                   USD
2025-01-01 open Expenses:Taxes:Y2025:US:SocSec                  USD

2025-01-01 balance Assets:US:Federal:PreTax401k         0 IRAUSD

2025-01-01 * "Allowed contributions for one year"
  Income:US:Federal:PreTax401k                     -18500 IRAUSD
  Assets:US:Federal:PreTax401k                      18500 IRAUSD



** Tax Year 2026

2026-01-01 open Expenses:Taxes:Y2026:US:Federal:PreTax401k      IRAUSD
2026-01-01 open Expenses:Taxes:Y2026:US:Medicare                USD
2026-01-01 open Expenses:Taxes:Y2026:US:Federal                 USD
2026-01-01 open Expenses:Taxes:Y2026:US:CityNYC                 USD
2026-01-01 open Expenses:Taxes:Y2026:US:SDI                     USD
2026-01-01 open Expenses:Taxes:Y2026:US:State                   USD
2026-01-01 open Expenses:Taxes:Y2026:US:SocSec                  USD

2026-01-01 balance Assets:US:Federal:PreTax401k         0 IRAUSD

2026-01-01 * "Allowed contributions for one year"
  Income:US:Federal:PreTax401k                     -18500 IRAUSD
  Assets:US:Federal:PreTax401k                      18500 IRAUSD



* Expenses

1980-05-12 open Expenses:Food:Groceries
1980-05-12 open Expenses:Food:Restaurant
1980-05-12 open Expenses:Food:Coffee
1980-05-12 open Expenses:Food:Alcohol
1980-05-12 open Expenses:Transport:Tram
1980-05-12 open Expenses:Home:Rent
1980-05-12 open Expenses:Home:Electricity
1980-05-12 open Expenses:Home:Internet
1980-05-12 open Expenses:Home:Phone
1980-05-12 open Expenses:Financial:Fees
1980-05-12 open Expenses:Financial:Commissions



* Prices

2024-01-05 price VBMPX                              53.33 USD
2024-01-05 price RGAGX                             173.36 USD
2024-01-05 price ITOT                               48.18 USD
2024-01-05 price VEA                               128.92 USD
2024-01-05 price VHT                               197.35 USD
2024-01-05 price GLD                                92.41 USD
2024-01-12 price VBMPX                              53.49 USD
2024-01-12 price RGAGX                             174.24 USD
2024-01-12 price ITOT                               48.72 USD
2024-01-12 price VEA                               131.86 USD
2024-01-12 price VHT                               195.76 USD
2024-01-12 price GLD                                92.10 USD
2024-01-19 price VBMPX                              53.01 USD
2024-01-19 price RGAGX                             176.60 USD
2024-01-19 price ITOT                               48.67 USD
2024-01-19 price VEA                               131.63 USD
2024-01-19 price VHT                               196.07 USD
2024-01-19 price GLD                                92.97 USD
2024-01-26 price VBMPX                              52.77 USD
2024-01-26 price RGAGX                             175.75 USD
2024-01-26 price ITOT                               48.91 USD
2024-01-26 price VEA                               131.25 USD
2024-01-26 price VHT                               196.53 USD
2024-01-26 price GLD                                94.51 USD
2024-02-02 price VBMPX                              52.81 USD
2024-02-02 price RGAGX                             177.26 USD
2024-02-02 price ITOT                               48.23 USD
2024-02-02 price VEA                               134.60 USD
2024-02-02 price VHT                               197.69 USD
2024-02-02 price GLD                                94.70 USD
2024-02-09 price VBMPX                              52.08 USD
2024-02-09 price RGAGX                             180.37 USD
2024-02-09 price ITOT                               48.84 USD
2024-02-09 price VEA                               133.52 USD
2024-02-09 price VHT                               197.75 USD
2024-02-09 price GLD                                94.85 USD
2024-02-16 price VBMPX                              52.47 USD
2024-02-16 price RGAGX                             178.70 USD
2024-02-16 price ITOT                               49.25 USD
2024-02-16 price VEA                               133.74 USD
2024-02-16 price VHT                               198.58 USD
2024-02-16 price GLD                                95.20 USD
2024-02-23 price VBMPX                              53.27 USD
2024-02-23 price RGAGX                             178.39 USD
2024-02-23 price ITOT                               48.85 USD
2024-02-23 price VEA                               133.92 USD
2024-02-23 price VHT                               199.52 USD
2024-02-23 price GLD                                94.06 USD
2024-03-01 price VBMPX                              51.99 USD
2024-03-01 price RGAGX                             180.79 USD
2024-03-01 price ITOT                               48.95 USD
2024-03-01 price VEA                               134.52 USD
2024-03-01 price VHT                               200.18 USD
2024-03-01 price GLD                                92.18 USD
2024-03-08 price VBMPX                              53.68 USD
2024-03-08 price RGAGX                             175.82 USD
2024-03-08 price ITOT                               49.01 USD
2024-03-08 price VEA                               134.77 USD
2024-03-08 price VHT                               200.41 USD
2024-03-08 price GLD                                90.88 USD
2024-03-15 price VBMPX                              53.97 USD
2024-03-15 price RGAGX                             173.38 USD
2024-03-15 price ITOT                               49.43 USD
2024-03-15 price VEA                               136.40 USD
2024-03-15 price VHT                               200.03 USD
2024-03-15 price GLD                                88.79 USD
2024-03-22 price VBMPX                              55.28 USD
2024-03-22 price RGAGX                             175.11 USD
2024-03-22 price ITOT                               49.71 USD
2024-03-22 price VEA                               135.98 USD
2024-03-22 price VHT                               197.43 USD
2024-03-22 price GLD                                91.00 USD
2024-03-29 price VBMPX                              54.68 USD
2024-03-29 price RGAGX                             177.35 USD
2024-03-29 price ITOT                               49.39 USD
2024-03-29 price VEA                               136.11 USD
2024-03-29 price VHT                               195.16 USD
2024-03-29 price GLD                                91.24 USD
2024-04-05 price VBMPX                              53.80 USD
2024-04-05 price RGAGX                             171.92 USD
2024-04-05 price ITOT                               50.04 USD
2024-04-05 price VEA                               135.84 USD
2024-04-05 price VHT                               194.78 USD
2024-04-05 price GLD                                90.39 USD
2024-04-12 price VBMPX                              52.85 USD
2024-04-12 price RGAGX                             173.52 USD
2024-04-12 price ITOT                               50.12 USD
2024-04-12 price VEA                               135.16 USD
2024-04-12 price VHT                               192.56 USD
2024-04-12 price GLD                                90.68 USD
2024-04-19 price VBMPX                              52.32 USD
2024-04-19 price RGAGX                             174.91 USD
2024-04-19 price ITOT                               50.45 USD
2024-04-19 price VEA                               135.18 USD
2024-04-19 price VHT                               192.09 USD
2024-04-19 price GLD                                91.95 USD
2024-04-26 price VBMPX                              53.20 USD
2024-04-26 price RGAGX                             172.30 USD
2024-04-26 price ITOT                               50.50 USD
2024-04-26 price VEA                               137.63 USD
2024-04-26 price VHT                               191.62 USD
2024-04-26 price GLD                                91.81 USD
2024-05-03 price VBMPX                              54.47 USD
2024-05-03 price RGAGX                             174.04 USD
2024-05-03 price ITOT                               50.38 USD
2024-05-03 price VEA                               139.19 USD
2024-05-03 price VHT                               191.73 USD
2024-05-03 price GLD                                89.56 USD
2024-05-10 price VBMPX                              55.76 USD
2024-05-10 price RGAGX                             176.13 USD
2024-05-10 price ITOT                               50.71 USD
2024-05-10 price VEA                               137.64 USD
2024-05-10 price VHT                               190.22 USD
2024-05-10 price GLD                                91.28 USD
2024-05-17 price VBMPX                              54.80 USD
2024-05-17 price RGAGX                             174.83 USD
2024-05-17 price ITOT                               51.78 USD
2024-05-17 price VEA                               134.73 USD
2024-05-17 price VHT                               190.84 USD
2024-05-17 price GLD                                90.29 USD
2024-05-24 price VBMPX                              54.11 USD
2024-05-24 price RGAGX                             177.96 USD
2024-05-24 price ITOT                               51.98 USD
2024-05-24 price VEA                               133.66 USD
2024-05-24 price VHT                               192.51 USD
2024-05-24 price GLD                                91.32 USD
2024-05-31 price VBMPX                              54.78 USD
2024-05-31 price RGAGX                             182.12 USD
2024-05-31 price ITOT                               52.19 USD
2024-05-31 price VEA                               136.03 USD
2024-05-31 price VHT                               193.40 USD
2024-05-31 price GLD                                92.45 USD
2024-06-07 price VBMPX                              55.01 USD
2024-06-07 price RGAGX                             185.92 USD
2024-06-07 price ITOT                               51.94 USD
2024-06-07 price VEA                               131.89 USD
2024-06-07 price VHT                               192.84 USD
2024-06-07 price GLD                                90.97 USD
2024-06-14 price VBMPX                              53.98 USD
2024-06-14 price RGAGX                             188.93 USD
2024-06-14 price ITOT                               52.67 USD
2024-06-14 price VEA                               132.13 USD
2024-06-14 price VHT                               193.10 USD
2024-06-14 price GLD                                89.48 USD
2024-06-21 price VBMPX                              56.22 USD
2024-06-21 price RGAGX                             188.13 USD
2024-06-21 price ITOT                               52.96 USD
2024-06-21 price VEA                               134.54 USD
2024-06-21 price VHT                               193.31 USD
2024-06-21 price GLD                                86.65 USD
2024-06-28 price VBMPX                              58.09 USD
2024-06-28 price RGAGX                             190.30 USD
2024-06-28 price ITOT                               52.63 USD
2024-06-28 price VEA                               134.56 USD
2024-06-28 price VHT                               192.80 USD
2024-06-28 price GLD                                86.48 USD
2024-07-05 price VBMPX                              60.37 USD
2024-07-05 price RGAGX                             188.09 USD
2024-07-05 price ITOT                               52.69 USD
2024-07-05 price VEA                               134.74 USD
2024-07-05 price VHT                               195.01 USD
2024-07-05 price GLD                                86.98 USD
2024-07-12 price VBMPX                              60.28 USD
2024-07-12 price RGAGX                             191.84 USD
2024-07-12 price ITOT                               52.98 USD
2024-07-12 price VEA                               135.49 USD
2024-07-12 price VHT                               193.28 USD
2024-07-12 price GLD                                86.75 USD
2024-07-19 price VBMPX                              59.82 USD
2024-07-19 price RGAGX                             191.76 USD
2024-07-19 price ITOT                               54.18 USD
2024-07-19 price VEA                               134.07 USD
2024-07-19 price VHT                               194.28 USD
2024-07-19 price GLD                                87.77 USD
2024-07-26 price VBMPX                              59.36 USD
2024-07-26 price RGAGX                             196.71 USD
2024-07-26 price ITOT                               53.25 USD
2024-07-26 price VEA                               135.02 USD
2024-07-26 price VHT                               196.06 USD
2024-07-26 price GLD                                86.64 USD
2024-08-02 price VBMPX                              57.89 USD
2024-08-02 price RGAGX                             196.77 USD
2024-08-02 price ITOT                               53.80 USD
2024-08-02 price VEA                               130.61 USD
2024-08-02 price VHT                               197.56 USD
2024-08-02 price GLD                                86.25 USD
2024-08-09 price VBMPX                              59.32 USD
2024-08-09 price RGAGX                             192.61 USD
2024-08-09 price ITOT                               54.04 USD
2024-08-09 price VEA                               132.09 USD
2024-08-09 price VHT                               197.50 USD
2024-08-09 price GLD                                85.82 USD
2024-08-16 price VBMPX                              58.87 USD
2024-08-16 price RGAGX                             194.37 USD
2024-08-16 price ITOT                               54.35 USD
2024-08-16 price VEA                               132.17 USD
2024-08-16 price VHT                               198.44 USD
2024-08-16 price GLD                                87.41 USD
2024-08-23 price VBMPX                              57.50 USD
2024-08-23 price RGAGX                             197.13 USD
2024-08-23 price ITOT                               54.23 USD
2024-08-23 price VEA                               132.61 USD
2024-08-23 price VHT                               197.51 USD
2024-08-23 price GLD                                86.26 USD
2024-08-30 price VBMPX                              59.43 USD
2024-08-30 price RGAGX                             198.80 USD
2024-08-30 price ITOT                               55.12 USD
2024-08-30 price VEA                               133.20 USD
2024-08-30 price VHT                               199.45 USD
2024-08-30 price GLD                                85.75 USD
2024-09-06 price VBMPX                              59.89 USD
2024-09-06 price RGAGX                             200.60 USD
2024-09-06 price ITOT                               54.60 USD
2024-09-06 price VEA                               133.60 USD
2024-09-06 price VHT                               198.66 USD
2024-09-06 price GLD                                86.31 USD
2024-09-13 price VBMPX                              59.38 USD
2024-09-13 price RGAGX                             200.23 USD
2024-09-13 price ITOT                               55.09 USD
2024-09-13 price VEA                               132.83 USD
2024-09-13 price VHT                               198.23 USD
2024-09-13 price GLD                                83.71 USD
2024-09-20 price VBMPX                              58.44 USD
2024-09-20 price RGAGX                             198.04 USD
2024-09-20 price ITOT                               54.29 USD
2024-09-20 price VEA                               133.20 USD
2024-09-20 price VHT                               199.31 USD
2024-09-20 price GLD                                84.94 USD
2024-09-27 price VBMPX                              59.43 USD
2024-09-27 price RGAGX                             194.69 USD
2024-09-27 price ITOT                               54.68 USD
2024-09-27 price VEA                               135.42 USD
2024-09-27 price VHT                               198.50 USD
2024-09-27 price GLD                                86.75 USD
2024-10-04 price VBMPX                              59.93 USD
2024-10-04 price RGAGX                             196.94 USD
2024-10-04 price ITOT                               55.28 USD
2024-10-04 price VEA                               134.83 USD
2024-10-04 price VHT                               197.93 USD
2024-10-04 price GLD                                85.96 USD
2024-10-11 price VBMPX                              59.94 USD
2024-10-11 price RGAGX                             199.52 USD
2024-10-11 price ITOT                               55.41 USD
2024-10-11 price VEA                               136.41 USD
2024-10-11 price VHT                               200.87 USD
2024-10-11 price GLD                                85.39 USD
2024-10-18 price VBMPX                              60.86 USD
2024-10-18 price RGAGX                             195.63 USD
2024-10-18 price ITOT                               55.02 USD
2024-10-18 price VEA                               139.27 USD
2024-10-18 price VHT                               203.47 USD
2024-10-18 price GLD                                85.98 USD
2024-10-25 price VBMPX                              59.95 USD
2024-10-25 price RGAGX                             194.98 USD
2024-10-25 price ITOT                               55.54 USD
2024-10-25 price VEA                               136.34 USD
2024-10-25 price VHT                               206.63 USD
2024-10-25 price GLD                                86.27 USD
2024-11-01 price VBMPX                              58.07 USD
2024-11-01 price RGAGX                             193.81 USD
2024-11-01 price ITOT                               56.05 USD
2024-11-01 price VEA                               133.75 USD
2024-11-01 price VHT                               204.55 USD
2024-11-01 price GLD                                84.76 USD
2024-11-08 price VBMPX                              59.62 USD
2024-11-08 price RGAGX                             192.65 USD
2024-11-08 price ITOT                               56.49 USD
2024-11-08 price VEA                               133.00 USD
2024-11-08 price VHT                               205.96 USD
2024-11-08 price GLD                                83.58 USD
2024-11-15 price VBMPX                              59.06 USD
2024-11-15 price RGAGX                             195.62 USD
2024-11-15 price ITOT                               57.09 USD
2024-11-15 price VEA                               133.53 USD
2024-11-15 price VHT                               205.52 USD
2024-11-15 price GLD                                83.84 USD
2024-11-22 price VBMPX                              59.93 USD
2024-11-22 price RGAGX                             188.70 USD
2024-11-22 price ITOT                               56.40 USD
2024-11-22 price VEA                               133.29 USD
2024-11-22 price VHT                               210.38 USD
2024-11-22 price GLD                                84.59 USD
2024-11-29 price VBMPX                              58.96 USD
2024-11-29 price RGAGX                             192.51 USD
2024-11-29 price ITOT                               56.21 USD
2024-11-29 price VEA                               133.48 USD
2024-11-29 price VHT                               210.03 USD
2024-11-29 price GLD                                82.04 USD
2024-12-06 price VBMPX                              58.82 USD
2024-12-06 price RGAGX                             195.78 USD
2024-12-06 price ITOT                               56.32 USD
2024-12-06 price VEA                               133.45 USD
2024-12-06 price VHT                               208.60 USD
2024-12-06 price GLD                                83.81 USD
2024-12-13 price VBMPX                              59.62 USD
2024-12-13 price RGAGX                             199.48 USD
2024-12-13 price ITOT                               56.29 USD
2024-12-13 price VEA                               133.63 USD
2024-12-13 price VHT                               210.84 USD
2024-12-13 price GLD                                84.58 USD
2024-12-20 price VBMPX                              58.79 USD
2024-12-20 price RGAGX                             194.70 USD
2024-12-20 price ITOT                               55.72 USD
2024-12-20 price VEA                               133.73 USD
2024-12-20 price VHT                               208.16 USD
2024-12-20 price GLD                                86.84 USD
2024-12-27 price VBMPX                              58.26 USD
2024-12-27 price RGAGX                             195.46 USD
2024-12-27 price ITOT                               55.54 USD
2024-12-27 price VEA                               135.80 USD
2024-12-27 price VHT                               208.82 USD
2024-12-27 price GLD                                88.66 USD
2025-01-03 price VBMPX                              58.24 USD
2025-01-03 price RGAGX                             193.80 USD
2025-01-03 price ITOT                               55.81 USD
2025-01-03 price VEA                               136.97 USD
2025-01-03 price VHT                               203.33 USD
2025-01-03 price GLD                                89.00 USD
2025-01-10 price VBMPX                              56.65 USD
2025-01-10 price RGAGX                             191.46 USD
2025-01-10 price ITOT                               55.53 USD
2025-01-10 price VEA                               136.70 USD
2025-01-10 price VHT                               204.58 USD
2025-01-10 price GLD                                90.24 USD
2025-01-17 price VBMPX                              56.28 USD
2025-01-17 price RGAGX                             193.95 USD
2025-01-17 price ITOT                               55.87 USD
2025-01-17 price VEA                               137.00 USD
2025-01-17 price VHT                               205.91 USD
2025-01-17 price GLD                                91.21 USD
2025-01-24 price VBMPX                              55.55 USD
2025-01-24 price RGAGX                             193.52 USD
2025-01-24 price ITOT                               55.95 USD
2025-01-24 price VEA                               141.84 USD
2025-01-24 price VHT                               207.39 USD
2025-01-24 price GLD                                92.49 USD
2025-01-31 price VBMPX                              54.94 USD
2025-01-31 price RGAGX                             194.18 USD
2025-01-31 price ITOT                               55.55 USD
2025-01-31 price VEA                               141.04 USD
2025-01-31 price VHT                               208.09 USD
2025-01-31 price GLD                                90.70 USD
2025-02-07 price VBMPX                              55.30 USD
2025-02-07 price RGAGX                             188.83 USD
2025-02-07 price ITOT                               55.47 USD
2025-02-07 price VEA                               144.61 USD
2025-02-07 price VHT                               207.61 USD
2025-02-07 price GLD                                90.97 USD
2025-02-14 price VBMPX                              54.75 USD
2025-02-14 price RGAGX                             189.94 USD
2025-02-14 price ITOT                               55.57 USD
2025-02-14 price VEA                               145.54 USD
2025-02-14 price VHT                               208.76 USD
2025-02-14 price GLD                                92.03 USD
2025-02-21 price VBMPX                              55.37 USD
2025-02-21 price RGAGX                             192.46 USD
2025-02-21 price ITOT                               55.69 USD
2025-02-21 price VEA                               143.30 USD
2025-02-21 price VHT                               208.94 USD
2025-02-21 price GLD                                91.60 USD
2025-02-28 price VBMPX                              56.37 USD
2025-02-28 price RGAGX                             189.86 USD
2025-02-28 price ITOT                               55.52 USD
2025-02-28 price VEA                               143.09 USD
2025-02-28 price VHT                               208.29 USD
2025-02-28 price GLD                                91.74 USD
2025-03-07 price VBMPX                              56.89 USD
2025-03-07 price RGAGX                             187.73 USD
2025-03-07 price ITOT                               55.42 USD
2025-03-07 price VEA                               146.65 USD
2025-03-07 price VHT                               210.51 USD
2025-03-07 price GLD                                91.78 USD
2025-03-14 price VBMPX                              56.55 USD
2025-03-14 price RGAGX                             186.02 USD
2025-03-14 price ITOT                               54.67 USD
2025-03-14 price VEA                               147.14 USD
2025-03-14 price VHT                               210.90 USD
2025-03-14 price GLD                                91.37 USD
2025-03-21 price VBMPX                              56.55 USD
2025-03-21 price RGAGX                             186.37 USD
2025-03-21 price ITOT                               54.34 USD
2025-03-21 price VEA                               148.28 USD
2025-03-21 price VHT                               211.31 USD
2025-03-21 price GLD                                91.85 USD
2025-03-28 price VBMPX                              56.64 USD
2025-03-28 price RGAGX                             187.95 USD
2025-03-28 price ITOT                               54.65 USD
2025-03-28 price VEA                               147.89 USD
2025-03-28 price VHT                               211.47 USD
2025-03-28 price GLD                                90.99 USD
2025-04-04 price VBMPX                              58.33 USD
2025-04-04 price RGAGX                             183.83 USD
2025-04-04 price ITOT                               55.27 USD
2025-04-04 price VEA                               148.78 USD
2025-04-04 price VHT                               211.24 USD
2025-04-04 price GLD                                90.74 USD
2025-04-11 price VBMPX                              58.63 USD
2025-04-11 price RGAGX                             188.74 USD
2025-04-11 price ITOT                               55.41 USD
2025-04-11 price VEA                               151.14 USD
2025-04-11 price VHT                               212.07 USD
2025-04-11 price GLD                                88.57 USD
2025-04-18 price VBMPX                              59.25 USD
2025-04-18 price RGAGX                             189.17 USD
2025-04-18 price ITOT                               55.03 USD
2025-04-18 price VEA                               150.67 USD
2025-04-18 price VHT                               208.27 USD
2025-04-18 price GLD                                86.94 USD
2025-04-25 price VBMPX                              59.95 USD
2025-04-25 price RGAGX                             186.83 USD
2025-04-25 price ITOT                               55.08 USD
2025-04-25 price VEA                               153.49 USD
2025-04-25 price VHT                               208.17 USD
2025-04-25 price GLD                                85.17 USD
2025-05-02 price VBMPX                              61.44 USD
2025-05-02 price RGAGX                             185.25 USD
2025-05-02 price ITOT                               55.53 USD
2025-05-02 price VEA                               152.22 USD
2025-05-02 price VHT                               207.30 USD
2025-05-02 price GLD                                85.87 USD
2025-05-09 price VBMPX                              61.13 USD
2025-05-09 price RGAGX                             183.20 USD
2025-05-09 price ITOT                               55.83 USD
2025-05-09 price VEA                               152.31 USD
2025-05-09 price VHT                               204.16 USD
2025-05-09 price GLD                                84.12 USD
2025-05-16 price VBMPX                              60.72 USD
2025-05-16 price RGAGX                             180.42 USD
2025-05-16 price ITOT                               55.95 USD
2025-05-16 price VEA                               152.76 USD
2025-05-16 price VHT                               205.46 USD
2025-05-16 price GLD                                84.08 USD
2025-05-23 price VBMPX                              60.14 USD
2025-05-23 price RGAGX                             182.63 USD
2025-05-23 price ITOT                               55.98 USD
2025-05-23 price VEA                               151.88 USD
2025-05-23 price VHT                               210.06 USD
2025-05-23 price GLD                                82.45 USD
2025-05-30 price VBMPX                              61.62 USD
2025-05-30 price RGAGX                             184.06 USD
2025-05-30 price ITOT                               56.17 USD
2025-05-30 price VEA                               154.87 USD
2025-05-30 price VHT                               208.58 USD
2025-05-30 price GLD                                83.13 USD
2025-06-06 price VBMPX                              61.75 USD
2025-06-06 price RGAGX                             189.13 USD
2025-06-06 price ITOT                               56.48 USD
2025-06-06 price VEA                               158.90 USD
2025-06-06 price VHT                               207.59 USD
2025-06-06 price GLD                                82.92 USD
2025-06-13 price VBMPX                              61.60 USD
2025-06-13 price RGAGX                             186.90 USD
2025-06-13 price ITOT                               56.53 USD
2025-06-13 price VEA                               160.79 USD
2025-06-13 price VHT                               209.24 USD
2025-06-13 price GLD                                82.03 USD
2025-06-20 price VBMPX                              62.36 USD
2025-06-20 price RGAGX                             186.35 USD
2025-06-20 price ITOT                               57.13 USD
2025-06-20 price VEA                               161.89 USD
2025-06-20 price VHT                               207.73 USD
2025-06-20 price GLD                                80.66 USD
2025-06-27 price VBMPX                              62.54 USD
2025-06-27 price RGAGX                             188.38 USD
2025-06-27 price ITOT                               57.30 USD
2025-06-27 price VEA                               160.26 USD
2025-06-27 price VHT                               205.04 USD
2025-06-27 price GLD                                82.46 USD
2025-07-04 price VBMPX                              61.69 USD
2025-07-04 price RGAGX                             186.83 USD
2025-07-04 price ITOT                               57.09 USD
2025-07-04 price VEA                               159.09 USD
2025-07-04 price VHT                               204.38 USD
2025-07-04 price GLD                                83.32 USD
2025-07-11 price VBMPX                              61.23 USD
2025-07-11 price RGAGX                             190.51 USD
2025-07-11 price ITOT                               57.36 USD
2025-07-11 price VEA                               161.83 USD
2025-07-11 price VHT                               202.24 USD
2025-07-11 price GLD                                82.26 USD
2025-07-18 price VBMPX                              60.84 USD
2025-07-18 price RGAGX                             187.93 USD
2025-07-18 price ITOT                               57.53 USD
2025-07-18 price VEA                               161.76 USD
2025-07-18 price VHT                               203.65 USD
2025-07-18 price GLD                                83.11 USD
2025-07-25 price VBMPX                              61.10 USD
2025-07-25 price RGAGX                             190.32 USD
2025-07-25 price ITOT                               58.00 USD
2025-07-25 price VEA                               160.80 USD
2025-07-25 price VHT                               201.90 USD
2025-07-25 price GLD                                83.60 USD
2025-08-01 price VBMPX                              60.65 USD
2025-08-01 price RGAGX                             191.59 USD
2025-08-01 price ITOT                               58.32 USD
2025-08-01 price VEA                               158.13 USD
2025-08-01 price VHT                               201.64 USD
2025-08-01 price GLD                                83.52 USD
2025-08-08 price VBMPX                              61.37 USD
2025-08-08 price RGAGX                             190.91 USD
2025-08-08 price ITOT                               58.25 USD
2025-08-08 price VEA                               158.60 USD
2025-08-08 price VHT                               201.55 USD
2025-08-08 price GLD                                82.24 USD
2025-08-15 price VBMPX                              61.00 USD
2025-08-15 price RGAGX                             187.97 USD
2025-08-15 price ITOT                               58.72 USD
2025-08-15 price VEA                               165.57 USD
2025-08-15 price VHT                               198.57 USD
2025-08-15 price GLD                                80.99 USD
2025-08-22 price VBMPX                              61.92 USD
2025-08-22 price RGAGX                             185.27 USD
2025-08-22 price ITOT                               58.57 USD
2025-08-22 price VEA                               169.27 USD
2025-08-22 price VHT                               199.96 USD
2025-08-22 price GLD                                80.08 USD
2025-08-29 price VBMPX                              61.13 USD
2025-08-29 price RGAGX                             182.55 USD
2025-08-29 price ITOT                               58.62 USD
2025-08-29 price VEA                               169.18 USD
2025-08-29 price VHT                               200.30 USD
2025-08-29 price GLD                                80.65 USD
2025-09-05 price VBMPX                              61.60 USD
2025-09-05 price RGAGX                             186.29 USD
2025-09-05 price ITOT                               58.25 USD
2025-09-05 price VEA                               172.60 USD
2025-09-05 price VHT                               201.95 USD
2025-09-05 price GLD                                81.18 USD
2025-09-12 price VBMPX                              62.47 USD
2025-09-12 price RGAGX                             187.34 USD
2025-09-12 price ITOT                               58.86 USD
2025-09-12 price VEA                               173.66 USD
2025-09-12 price VHT                               203.55 USD
2025-09-12 price GLD                                79.13 USD
2025-09-19 price VBMPX                              64.19 USD
2025-09-19 price RGAGX                             185.95 USD
2025-09-19 price ITOT                               59.82 USD
2025-09-19 price VEA                               172.54 USD
2025-09-19 price VHT                               205.59 USD
2025-09-19 price GLD                                79.40 USD
2025-09-26 price VBMPX                              65.13 USD
2025-09-26 price RGAGX                             187.21 USD
2025-09-26 price ITOT                               60.02 USD
2025-09-26 price VEA                               171.76 USD
2025-09-26 price VHT                               205.51 USD
2025-09-26 price GLD                                79.13 USD
2025-10-03 price VBMPX                              64.71 USD
2025-10-03 price RGAGX                             188.45 USD
2025-10-03 price ITOT                               60.28 USD
2025-10-03 price VEA                               172.70 USD
2025-10-03 price VHT                               209.82 USD
2025-10-03 price GLD                                81.21 USD
2025-10-10 price VBMPX                              63.96 USD
2025-10-10 price RGAGX                             186.40 USD
2025-10-10 price ITOT                               60.91 USD
2025-10-10 price VEA                               173.96 USD
2025-10-10 price VHT                               210.03 USD
2025-10-10 price GLD                                83.37 USD
2025-10-17 price VBMPX                              66.52 USD
2025-10-17 price RGAGX                             183.26 USD
2025-10-17 price ITOT                               60.79 USD
2025-10-17 price VEA                               171.80 USD
2025-10-17 price VHT                               209.59 USD
2025-10-17 price GLD                                82.50 USD
2025-10-24 price VBMPX                              67.95 USD
2025-10-24 price RGAGX                             179.60 USD
2025-10-24 price ITOT                               61.14 USD
2025-10-24 price VEA                               169.70 USD
2025-10-24 price VHT                               210.52 USD
2025-10-24 price GLD                                79.67 USD
2025-10-31 price VBMPX                              66.95 USD
2025-10-31 price RGAGX                             177.19 USD
2025-10-31 price ITOT                               60.88 USD
2025-10-31 price VEA                               170.32 USD
2025-10-31 price VHT                               214.05 USD
2025-10-31 price GLD                                79.78 USD
2025-11-07 price VBMPX                              67.02 USD
2025-11-07 price RGAGX                             178.48 USD
2025-11-07 price ITOT                               61.32 USD
2025-11-07 price VEA                               170.11 USD
2025-11-07 price VHT                               212.24 USD
2025-11-07 price GLD                                79.81 USD
2025-11-14 price VBMPX                              66.11 USD
2025-11-14 price RGAGX                             176.48 USD
2025-11-14 price ITOT                               61.35 USD
2025-11-14 price VEA                               167.87 USD
2025-11-14 price VHT                               214.29 USD
2025-11-14 price GLD                                78.77 USD
2025-11-21 price VBMPX                              63.51 USD
2025-11-21 price RGAGX                             179.12 USD
2025-11-21 price ITOT                               61.27 USD
2025-11-21 price VEA                               171.02 USD
2025-11-21 price VHT                               211.21 USD
2025-11-21 price GLD                                78.26 USD
2025-11-28 price VBMPX                              63.58 USD
2025-11-28 price RGAGX                             182.24 USD
2025-11-28 price ITOT                               61.36 USD
2025-11-28 price VEA                               172.34 USD
2025-11-28 price VHT                               211.00 USD
2025-11-28 price GLD                                77.27 USD
2025-12-05 price VBMPX                              63.01 USD
2025-12-05 price RGAGX                             178.97 USD
2025-12-05 price ITOT                               60.57 USD
2025-12-05 price VEA                               172.24 USD
2025-12-05 price VHT                               210.64 USD
2025-12-05 price GLD                                76.53 USD
2025-12-12 price VBMPX                              63.32 USD
2025-12-12 price RGAGX                             179.95 USD
2025-12-12 price ITOT                               59.82 USD
2025-12-12 price VEA                               172.82 USD
2025-12-12 price VHT                               210.93 USD
2025-12-12 price GLD                                76.58 USD
2025-12-19 price VBMPX                              64.96 USD
2025-12-19 price RGAGX                             179.26 USD
2025-12-19 price ITOT                               60.39 USD
2025-12-19 price VEA                               173.98 USD
2025-12-19 price VHT                               210.94 USD
2025-12-19 price GLD                                78.59 USD
2025-12-26 price VBMPX                              64.30 USD
2025-12-26 price RGAGX                             180.71 USD
2025-12-26 price ITOT                               60.39 USD
2025-12-26 price VEA                               174.26 USD
2025-12-26 price VHT                               217.15 USD
2025-12-26 price GLD                                78.11 USD
2026-01-02 price VBMPX                              62.77 USD
2026-01-02 price RGAGX                             179.11 USD
2026-01-02 price ITOT                               60.11 USD
2026-01-02 price VEA                               176.31 USD
2026-01-02 price VHT                               220.96 USD
2026-01-02 price GLD                                80.40 USD
2026-01-09 price VBMPX                              63.72 USD
2026-01-09 price RGAGX                             175.28 USD
2026-01-09 price ITOT                               60.30 USD
2026-01-09 price VEA                               179.98 USD
2026-01-09 price VHT                               219.77 USD
2026-01-09 price GLD                                79.09 USD
2026-01-16 price VBMPX                              62.99 USD
2026-01-16 price RGAGX                             178.62 USD
2026-01-16 price ITOT                               60.14 USD
2026-01-16 price VEA                               174.28 USD
2026-01-16 price VHT                               224.86 USD
2026-01-16 price GLD                                79.44 USD
2026-01-23 price VBMPX                              65.34 USD
2026-01-23 price RGAGX                             176.24 USD
2026-01-23 price ITOT                               59.37 USD
2026-01-23 price VEA                               174.49 USD
2026-01-23 price VHT                               225.11 USD
2026-01-23 price GLD                                78.87 USD
2026-01-30 price VBMPX                              65.60 USD
2026-01-30 price RGAGX                             175.99 USD
2026-01-30 price ITOT                               59.16 USD
2026-01-30 price VEA                               173.18 USD
2026-01-30 price VHT                               226.68 USD
2026-01-30 price GLD                                78.16 USD
2026-02-06 price VBMPX                              63.04 USD
2026-02-06 price RGAGX                             177.21 USD
2026-02-06 price ITOT                               59.81 USD
2026-02-06 price VEA                               170.69 USD
2026-02-06 price VHT                               227.11 USD
2026-02-06 price GLD                                77.53 USD
2026-02-13 price VBMPX                              63.58 USD
2026-02-13 price RGAGX                             179.89 USD
2026-02-13 price ITOT                               59.75 USD
2026-02-13 price VEA                               169.34 USD
2026-02-13 price VHT                               225.21 USD
2026-02-13 price GLD                                77.96 USD
2026-02-20 price VBMPX                              63.26 USD
2026-02-20 price RGAGX                             178.18 USD
2026-02-20 price ITOT                               59.90 USD
2026-02-20 price VEA                               171.26 USD
2026-02-20 price VHT                               224.37 USD
2026-02-20 price GLD                                79.01 USD
2026-02-27 price VBMPX                              62.39 USD
2026-02-27 price RGAGX                             176.43 USD
2026-02-27 price ITOT                               60.54 USD
2026-02-27 price VEA                               173.81 USD
2026-02-27 price VHT                               222.88 USD
2026-02-27 price GLD                                79.89 USD
2026-03-06 price VBMPX                              64.41 USD
2026-03-06 price RGAGX                             177.58 USD
2026-03-06 price ITOT                               60.98 USD
2026-03-06 price VEA                               170.38 USD
2026-03-06 price VHT                               218.71 USD
2026-03-06 price GLD                                79.10 USD
2026-03-13 price VBMPX                              64.23 USD
2026-03-13 price RGAGX                             176.04 USD
2026-03-13 price ITOT                               61.13 USD
2026-03-13 price VEA                               171.55 USD
2026-03-13 price VHT                               222.42 USD
2026-03-13 price GLD                                76.13 USD
2026-03-20 price VBMPX                              64.35 USD
2026-03-20 price RGAGX                             179.71 USD
2026-03-20 price ITOT                               61.23 USD
2026-03-20 price VEA                               174.71 USD
2026-03-20 price VHT                               221.97 USD
2026-03-20 price GLD                                78.00 USD



* Cash

